@inproceedings{Bornat-al:POPL05,
  author    = {Richard Bornat and
               Cristiano Calcagno and
               Peter W. O'Hearn and
               Matthew J. Parkinson},
  crossref  = {POPL:05},
  pages     = {259--270},
  title     = {Permission accounting in separation logic},
  opturl       = {http://doi.acm.org/10.1145/1040305.1040327},
  optdoi       = {10.1145/1040305.1040327},
}

@article{Brookes:TCS07,
  author    = {Stephen Brookes},
  title     = {A semantics for concurrent separation logic},
  journal   = {Th. Comp. Sci.},
  volume    = {375},
  number    = {1-3},
  year      = {2007},
  opturl = {http://dx.doi.org/10.1016/j.tcs.2006.12.034},
  optdoi = {10.1016/j.tcs.2006.12.034},
}

@inproceedings{DinsdaleYoung-al:ECOOP10,
  author    = {Thomas Dinsdale-Young and
               Mike Dodds and
               Philippa Gardner and
               Matthew J. Parkinson and
               Viktor Vafeiadis},
  crossref  = {ECOOP:10},
  pages     = {504--528},
  title     = {{Concurrent Abstract Predicates}},
  opturl       = {http://dx.doi.org/10.1007/978-3-642-14107-2_24},
  optdoi       = {10.1007/978-3-642-14107-2_24},
}


@inproceedings{Gotsman-al:ESOP13,
  author    = {Alexey Gotsman and
               Noam Rinetzky and
               Hongseok Yang},
  title     = {Verifying Concurrent Memory Reclamation Algorithms with
               Grace},
  optpages     = {249-269},
  crossref  = {ESOP:13},
}

@inproceedings{Fu-al:CONCUR10,
  author    = {Ming Fu and
               Yong Li and
               Xinyu Feng and
               Zhong Shao and
               Yu Zhang},
  title     = {Reasoning about Optimistic Concurrency Using a Program Logic
               for History},
  pages     = {388-402},
  crossref  = {CONCUR:10},
}

@inproceedings{Liang-al:POPL12,
  author    = {Hongjin Liang and
               Xinyu Feng and
               Ming Fu},
  title     = {A rely-guarantee-based simulation for verifying concurrent
               program transformations},
  optpages     = {455-468},
  crossref  = {POPL:12},
}

@inproceedings{Liang-Feng:PLDI13,
  author    = {Hongjin Liang and
               Xinyu Feng},
  title     = {Modular verification of linearizability with non-fixed linearization
               points},
  crossref  = {PLDI:13},
  pages     = {459--470},
 optdoi = {10.1145/2499370.2462189},
}

@inproceedings{Elmas-al:TACAS10,
  author    = {Tayfun Elmas and
               Shaz Qadeer and
               Ali Sezgin and
               Omer Subasi and
               Serdar Tasiran},
  title     = {Simplifying Linearizability Proofs with Reduction and Abstraction},
  crossref  = {TACAS:10},
  optpages  = {296-311},
}

@inproceedings{Elmas-al:POPL09,
  author    = {Tayfun Elmas and
               Shaz Qadeer and
               Serdar Tasiran},
  title     = {A calculus of atomic actions},
  crossref  = {POPL:09},
  optpages     = {2-15},
}

@inproceedings{Feng-al:ESOP07,
  author    = {Xinyu Feng and
               Rodrigo Ferreira and
               Zhong Shao},
  title     = {On the Relationship Between Concurrent Separation Logic
               and Assume-Guarantee Reasoning},
  crossref   = {ESOP:07},
  pages      = {173--188},
  optdoi        = {10.1007/978-3-540-71316-6_13}
}

@article{Herlihy-Wing:TOPLAS90,
  author    = {Maurice Herlihy and
               Jeannette M. Wing},
  title     = {Linearizability: A Correctness Condition for Concurrent
               Objects},
  journal   = toplas,
  volume    = {12},
  number    = {3},
  year      = {1990},
 optdoi = {10.1145/78969.78972},
pages     = {463-492}
}

@article{Jones:TOPLAS83,
  author    = {Cliff B. Jones},
  title     = {Tentative Steps Toward a Development Method for Interfering
               Programs},
  journal   = toplas,
  volume    = {5},
  number    = {4},
  year      = {1983},
 pages     = {596-619},
 optdoi = {10.1145/69575.69577},
}

@inproceedings{Jones:IFIP83,
  author    = {Cliff B. Jones},
  title     = {Specification and Design of (Parallel) Programs},
  booktitle = {IFIP Congress},
  year      = {1983},
  pages     = {321--332},
}

@techreport{Jones09,
  author    = {Cliff B. Jones},
  title     = {The role of auxiliary variables in the formal development of concurrent programs},
  number    = {CS-TR-1179},
  institution = {University of Newcastle upon Tyne, Computing Science},
  year      = {2009}
}

@techreport{Lucas68,
  author    = {Peter Lucas},
  title     = {Two constructive realizations of the block concept and their equivalence},
  number    = {TR 25.085},
  institution = {IBM Laboratory Vienna},
  year      = {1968}
}

@article{OHearn:TCS07,
  author    = {Peter W. O'Hearn},
  title     = {Resources, concurrency, and local reasoning},
  journal   = {Th. Comp. Sci.},
  volume    = {375},
  number    = {1-3},
  year      = {2007},
  pages = {271--307},
  optdoi = {10.1016/j.tcs.2006.12.035},
}

@inproceedings{OHearn-al:PODC10,
  author    = {Peter W. O'Hearn and
               Noam Rinetzky and
               Martin T. Vechev and
               Eran Yahav and
               Greta Yorsh},
  title     = {Verifying linearizability with hindsight},
  crossref  = {PODC:10}
}
@Comment{pages     = {85-94}}

@InProceedings{Calcagno-al:LICS07,
  author =       {Cristiano Calcagno and Peter W. O'Hearn and Hongseok Yang},
  title =        {Local Action and Abstract Separation Logic},
  booktitle = {LICS},
  year = {2007}
}
@Comment{pages =        {366--368}}

@article{Owicki-Gries:CACM76,
  author    = {Susan S. Owicki and
               David Gries},
  title     = {Verifying Properties of Parallel Programs: An Axiomatic
               Approach},
  journal   = {Commun. ACM},
  volume    = {19},
  number    = {5},
  year      = {1976},
  pages = {279--285},
  optdoi = {10.1145/360051.360224},
}


@inproceedings{Reynolds:LICS02,
  author    = {John C. Reynolds},
  title     = {{Separation Logic: A Logic for Shared Mutable Data
                  Structures}},
  crossref  = {LICS:02},
  pages     = {55--74},
  optdoi       = {10.1109/LICS.2002.1029817},
}


@inproceedings{Reynolds:FSTTCS04,
  author    = {John C. Reynolds},
  title     = {Toward a Grainless Semantics for Shared-Variable Concurrency},
  optpages     = {35-48},
  crossref  = {FSTTCS:04},
}

@inproceedings{Jacobs-Piessens:POPL11,
  author    = {Bart Jacobs and
               Frank Piessens},
  title     = {Expressive modular fine-grained concurrency specification},
  crossref  = {POPL:11},
  pages     = {271-282},
  optdoi = {10.1145/1925844.1926417},
}

@inproceedings{Vafeiadis-al:PPOPP06,
  author    = {Viktor Vafeiadis and
               Maurice Herlihy and
               Tony Hoare and
               Marc Shapiro},
  title     = {Proving correctness of highly-concurrent linearisable objects},
  crossref  = {PPOPP:06},
  optpages     = {129-136},
}
@Comment{pages     = {129-136}}

@inproceedings{Vafeiadis-Parkinson:CONCUR07,
  author    = {Viktor Vafeiadis and
               Matthew J. Parkinson},
  title     = {A Marriage of Rely/Guarantee and Separation Logic},
  crossref  = {CONCUR:07},
  pages     = {256-271},
  opturl       = {http://dx.doi.org/10.1007/978-3-540-74407-8_18},
  optdoi       = {10.1007/978-3-540-74407-8_18},
}

@inproceedings{Krishnaswami-al:ICFP12,
  author    = {Neelakantan R. Krishnaswami and
               Aaron Turon and
               Derek Dreyer and
               Deepak Garg},
  title     = {Superficially substructural types},
  optpages     = {41-54},
  crossref  = {ICFP:12},
}

@phdthesis{Vafeiadis:PhD,
title = {Modular fine-grained concurrency verification},
author = {Viktor Vafeiadis},
school = {University of Cambridge},
year = {2007},
}

@inproceedings{Nanevski-al:POPL10,
  author    = {Aleksandar Nanevski and
               Viktor Vafeiadis and
               Josh Berdine},
  title     = {Structuring the verification of heap-manipulating programs},
  pages     = {261--274},
  crossref = {POPL:10},
  opturl       = {http://doi.acm.org/10.1145/1706299.1706331},
  optdoi       = {10.1145/1706299.1706331},
}

@article{Filipovic-al:TCS10,
  author    = {Ivana Filipovic and
               Peter W. O'Hearn and
               Noam Rinetzky and
               Hongseok Yang},
  title     = {Abstraction for concurrent objects},
  journal   = {Theor. Comput. Sci.},
  volume    = {411},
  number    = {51-52},
  year      = {2010},
  pages     = {4379--4398}
}

@InProceedings{Nanevski-al:ICFP08,
  author =       {Aleksandar Nanevski and Greg Morrisett and Avi Shinnar and Paul Govereau and Lars Birkedal},
  title =        {{Ynot}: Dependent Types for Imperative Programs},
  crossref = {ICFP:08},
  pages = {229--240},
  opturl       = {http://doi.acm.org/10.1145/1411204.1411237},
  optdoi       = {10.1145/1411204.1411237},
}

@inproceedings{LeyWild-Nanevski:POPL13,
  author    = {Ruy Ley-Wild and
               Aleksandar Nanevski},
  title     = {Subjective auxiliary state for coarse-grained concurrency},
  crossref  = {POPL:13},
  pages     = {561--574},
  opturl       = {http://doi.acm.org/10.1145/2429069.2429134},
  optdoi       = {10.1145/2429069.2429134},
}

@Misc{rlw+nan:scsl12,
  author = 	 {Ruy Ley-Wild and Aleksandar Nanevski},
  title = 	 {Subjective Concurrent Separation Logic},
  howpublished = {http://software.imdea.org/\~{}aleks/papers/concur/scsl.pdf},
  month = 	 {January},
  year = 	 {2012}
}

@article{Lipton-CACM75,
  author    = {Richard J. Lipton},
  title     = {Reduction: A Method of Proving Properties of Parallel Programs},
  journal   = {Commun. ACM},
  volume    = {18},
  number    = {12},
  year      = {1975},
  optpages     = {717-721},
}

@Comment original occurrences of auxiliary state:

@Comment Per Brinch Hansen
@Comment Concurrent Programming Concepts
@Comment ACM Computing Surveys 5(4) (1973)

@Comment H. C. Lauer
@Comment Correctness in operating systems
@Comment Ph.D. Th., Carnegie-Mellon U., 1973.

@article{Brady-Hammond:FI10,
  author    = {Edwin Brady and
               Kevin Hammond},
  title     = {Correct-by-Construction Concurrency: Using Dependent Types
               to Verify Implementations of Effectful Resource Usage Protocols},
  journal   = {Fundam. Inform.},
  volume    = {102},
  number    = {2},
  year      = {2010},
  pages     = {145--176},
}

@inproceedings{Nanevski-al:ESOP14,
  author    = {Aleksandar Nanevski and
               Ruy Ley-Wild and
               Ilya Sergey and
               Germ{\'a}n Andr{\'e}s Delbianco},
  title     = {{Communicating State Transition Systems for Fine-Grained
               Concurrent Resources}},
  pages     = {290--310},
  crossref = {ESOP:14},
  note     = {Extended version is available at \url{http://software.imdea.org/fcsl/papers/concurroids-extended.pdf}},
  opturl       = {http://dx.doi.org/10.1007/978-3-642-54833-8_16},
  optdoi       = {10.1007/978-3-642-54833-8_16},
}

@misc{Nanevski-al:ESOP14TR,
  author    = {Aleksandar Nanevski and
               Ruy Ley-Wild and
               Ilya Sergey and
               Germ{\'a}n Andr{\'e}s Delbianco},
  title     = {{Communicating State Transition Systems for Fine-Grained
               Concurrent Resources. Extended Version.}},
  year = {2014},
  note =  {Available at \url{http://ilyasergey.net/papers/concurroids-esop14-extended.pdf}},
}


@InProceedings{Birkedal-Yang:07,
  title =        "Relational Parametricity and Separation Logic",
  author =       "Lars Birkedal and Hongseok Yang",
  year =         2007,
  booktitle =    "{FOSSACS'07}",
  volume =       4423,
  series =       "LNCS"
}

@Misc{scsl-coqscripts,
  author = 	 {Ruy Ley-Wild and Aleksandar Nanevski},
  title = 	 {{Supporting Material}},
  howpublished = {https://software.imdea.org/\~{}aleks/scsl/}, 
  month = 	 {July},
  year = 	 {2012}
}

@Misc{fcsl-coqscripts,
  author = 	 {Aleksandar Nanevski and Ruy Ley-Wild and Ilya Sergey
                  and Germ\'{a}n Andr\'{e}s Delbianco},
  title = 	 {{Supporting Material}},
  howpublished = {\\ \url{http://software.imdea.org/~aleks/fcsl/}} 
}

@inproceedings{Greenberg-al:POPL10,
  author    = {Michael Greenberg and
               Benjamin C. Pierce and
               Stephanie Weirich},
  title     = {Contracts made manifest},
  crossref  = {POPL:10},
  optpages     = {353-364},
}

@inproceedings{MartinLof71,
author = {Per Martin-L\"of},
title = {Haupstatz for the intuitionistic theory of iterated inductive definitions},
booktitle = {Scandinavian Logic Symposium},
year = {1971},
}

@article{Dybjer97,
    author = {Peter Dybjer},
    title = {Inductive Families},
    journal = {Formal Aspects of Computing},
    year = {1997},
    volume = {6}
}%    pages = {440--465}

@inproceedings{Nanevski-al:ICFP06,
  author    = {Aleksandar Nanevski and
               Greg Morrisett and
               Lars Birkedal},
  title     = {{Polymorphism and separation in Hoare Type Theory}},
  crossref  = {ICFP:06},
  pages     = {62--73},
  opturl       = {http://doi.acm.org/10.1145/1159803.1159812},
  optdoi       = {10.1145/1159803.1159812},
}

@inproceedings{Leroy:POPL94,
  author    = {Xavier Leroy},
  title     = {Manifest Types, Modules, and Separate Compilation},
  crossref = {POPL:94},
  optpages     = {109-122},
}

@phdthesis{Owicki75,
  author    = {Susan S. Owicki},
  title     = {Axiomatic Proof Techniques for Parallel Programs},
  year      = {1975},
  school = {Cornell University}
}

@inproceedings{Nieto03,
  author    = {Leonor Prensa Nieto},
  title     = {The Rely-Guarantee Method in Isabelle/HOL},
  booktitle = {ESOP},
  year      = {2003}
}

@article{Kleymann:FAC99,
  author    = {Thomas Kleymann},
  title     = {Hoare Logic and Auxiliary Variables},
  journal   = {Formal Asp. Comput.},
  volume    = {11},
  number    = {5},
  year      = {1999}
}

@inproceedings{Svendsen-al:ESOP13,
  author    = {Kasper Svendsen and
               Lars Birkedal and
               Matthew J. Parkinson},
  pages     = {169--188},
  title     = {Modular Reasoning about Separation of Concurrent Data Structures},
  crossref  = {ESOP:13}
}

@inproceedings{Colvin-al:CAV06,
  author    = {Robert Colvin and
               Lindsay Groves and
               Victor Luchangco and
               Mark Moir},
  title     = {{Formal Verification of a Lazy Concurrent List-Based Set
               Algorithm}},
  optpages     = {475-488},
  crossref  = {CAV:06},
}

@inproceedings{Svendsen-Birkedal:ESOP14,
  author    = {Kasper Svendsen and
               Lars Birkedal},
  title     = {{Impredicative Concurrent Abstract Predicates}},
  pages     = {149-168},
  crossref  = {ESOP:14},
  optdoi       = {10.1007/978-3-642-54833-8_9},
}

@inproceedings{Feng:POPL09,
  author    = {Xinyu Feng},
  title     = {Local rely-guarantee reasoning},
  pages     = {315--327},
  crossref  = {POPL:09},
  opturl = {http://doi.acm.org/10.1145/1594834.1480922},
  optdoi = {10.1145/1594834.1480922},
}

@book{Herlihy-Shavit:08,
  author    = {Maurice Herlihy and
               Nir Shavit},
  title     = {The art of multiprocessor programming},
  publisher = {M. Kaufmann},
  year      = {2008},
}

@inproceedings{Hendler-al:SPAA10,
  author    = {Danny Hendler and
               Itai Incze and
               Nir Shavit and
               Moran Tzafrir},
  title     = {Flat combining and the synchronization-parallelism tradeoff},
  crossref  = {SPAA:10},
  pages     = {355--364},
  opturl = {http://doi.acm.org/10.1145/1810479.1810540},
  optdoi = {10.1145/1810479.1810540},
}

@inproceedings{Gotsman-Yang:CONCUR12,
  author    = {Alexey Gotsman and
               Hongseok Yang},
  title     = {{Linearizability with ownership transfer}},
  pages     = {256-271},
  crossref  = {CONCUR:12},
  opturl       = {http://dx.doi.org/10.1007/978-3-642-32940-1_19},
  optdoi       = {10.1007/978-3-642-32940-1_19},
}

@inproceedings{ArrozPincho-al:ECOOP14,
  author    = {Pedro da Rocha Pinto and
               Thomas Dinsdale-Young and 
               Philippa Gardner},
  title     = {{TaDA: A Logic for Time and Data Abstraction}},
  crossref  = {ECOOP:14},
  pages     = {207--231},
  opturl       = {http://dx.doi.org/10.1007/978-3-662-44202-9_9},
  optdoi       = {10.1007/978-3-662-44202-9_9},
}



@inproceedings{Cerone-al:ICALP14,
  author    = {Andrea Cerone and
               Alexey Gotsman and
               Hongseok Yang},
  title     = {{Parameterised linearisability}},
  crossref  = {ICALP:14},
  pages     = {98-109},
  opturl       = {http://dx.doi.org/10.1007/978-3-662-43951-7_9},
  optdoi       = {10.1007/978-3-662-43951-7_9},
}


@techreport{Treiber:TR,
   author = {R. Kent Treiber},
   title  = {Systems programming: coping with parallelism}, 
   institution = {IBM Almaden Research Center}, 
   number    = {RJ 5118},
   year = {1986},
}

@techreport{Qadeer-al:TR09,
   author = {Shaz Qadeer and
             Ali Sezgin and
             Serdar Tasiran},
   title  = {Back and Forth: Prophecy Variables for Static
                  Verification of Concurrent Programs},  
   institution = {Microsoft Research}, 
   number    = {MSR-TR-2009-142},
   year = {2009},
}

@inproceedings{Harris-al:DISC02,
 author = {Harris, Timothy L. and Fraser, Keir and Pratt, Ian A.},
 title = {A Practical Multi-word Compare-and-Swap Operation},
 optpages = {265--279},
 crossref = {DISC:02},
} 

@inproceedings{Turon-al:POPL13,
  author    = {Aaron Joseph Turon and
               Jacob Thamsborg and
               Amal Ahmed and
               Lars Birkedal and
               Derek Dreyer},
  title     = {Logical relations for fine-grained concurrency},
  optpages     = {343-356},
  crossref  = {POPL:13},
}

@inproceedings{Turon-Wand:POPL11,
 author    = {Aaron Joseph Turon and
               Mitchell Wand},
  title     = {A separation logic for refining concurrent objects},
  optpages     = {247-258},
  crossref  = {POPL:11},
}


@Manual{Coq-manual,
        Author = {{Coq Development Team}},
        key = {Coq},
        title = {{The Coq Proof Assistant Reference Manual - Version V8.4}}, 
        year = {2014},
        note = {\url{http://coq.inria.fr/}}
}

@inproceedings{Turon-al:ICFP13,
  author    = {Aaron Turon and
               Derek Dreyer and
               Lars Birkedal},
  title     = {Unifying refinement and {H}oare-style reasoning in a logic
               for higher-order concurrency},
  pages     = {377--390},
  crossref  = {ICFP:13},
 optdoi = {10.1145/2544174.2500600},
}

@inproceedings{DinsdaleYoung-al:POPL13,
  author    = {Thomas Dinsdale-Young and
               Lars Birkedal and
               Philippa Gardner and
               Matthew J. Parkinson and
               Hongseok Yang},
  crossref  = {POPL:13},
  title     = {Views: compositional reasoning for concurrent programs},
  pages = {287--300},
  opturl       = {http://doi.acm.org/10.1145/2429069.2429104},
  optdoi       = {10.1145/2429069.2429104},
}

@inproceedings{Prensa:ESOP03,
  author    = {Leonor Prensa Nieto},
  title     = {{The Rely-Guarantee Method in Isabelle/HOL}},
  booktitle = {ESOP 2003},
}

@inproceedings{Jensen-Birkedal:ESOP12,
  author    = {Jonas Braband Jensen and
               Lars Birkedal},
  title     = {{Fictional Separation Logic}},
  optpages     = {377-396},
  crossref  = {ESOP:12},
}

@article{Michael:TPDS04,
  author    = {Maged M. Michael},
  title     = {Hazard Pointers: Safe Memory Reclamation for Lock-Free Objects},
  journal   = {IEEE Trans. Parallel Distrib. Syst.},
  volume    = {15},
  number    = {6},
  year      = {2004},
  optpages     = {491-504},
}


@inproceedings{Zhang-al:TAMC12,
  author    = {Zipeng Zhang and
               Xinyu Feng and
               Ming Fu and
               Zhong Shao and
               Yong Li},
  title     = {A Structural Approach to Prophecy Variables},
  optpages     = {61-71},
  crossref  = {TAMC:12},
}

@inproceedings{Burckhardt-al:PLDI10,
  author    = {Sebastian Burckhardt and
               Chris Dern and
               Madanlal Musuvathi and
               Roy Tan},
  title     = {Line-up: a complete and automatic linearizability checker},
  pages     = {330--340},
  crossref  = {PLDI:10},
}

@inproceedings{Chlipala:PLDI11,
  author    = {Adam Chlipala},
  title     = {Mostly-automated verification of low-level programs in computational
               separation logic},
  pages     = {234-245},
  crossref  = {PLDI:11},
  opturl       = {http://doi.acm.org/10.1145/1993498.1993526},
  optdoi       = {10.1145/1993498.1993526},
}

@inproceedings{Jacobs-al:NFM11,
  author    = {Bart Jacobs and
               Jan Smans and
               Pieter Philippaerts and
               Fr{\'{e}}d{\'{e}}ric Vogels and
               Willem Penninckx and
               Frank Piessens},
  title     = {{VeriFast: {A} Powerful, Sound, Predictable, Fast Verifier for {C}
               and Java}},
  pages     = {41--55},
  optdoi       = {10.1007/978-3-642-20398-5_4},
  crossref  = {NFM:11}
}

@inproceedings{Pfenning-Paulin-Mohring:MFPS89,
  author    = {Frank Pfenning and
               Christine Paulin{-}Mohring},
  title     = {Inductively Defined Types in the Calculus of Constructions},
  pages     = {209--228},
  crossref  = {MFPS:89}
}

@article{Coquand-Huet:IC88,
  author    = {Thierry Coquand and
               G{\'e}rard P. Huet},
  title     = {The Calculus of Constructions},
  journal   = {Information and Computation},
  volume    = {76},
  number    = {2/3},
  year      = {1988},
  pages     = {95-120},
}

@techreport{Gonthier-al:TR,
   author = {Georges Gonthier and 
             Assia Mahboubi and
             Enrico Tassi},
   title  = {{A Small Scale Reflection Extension for the Coq system}},  
   institution = {Microsoft Research -- Inria Joint Centre}, 
   number    = {6455},
   year = {2009}
}

@incollection{Jones:TR09,
  author = {Cliff B. {Jones}}, 
  title  = {The role of auxiliary variables in the formal development of concurrent programs},
  booktitle = {Reflections on the Work of C.A.R. Hoare}, 
  optdoi = {10.1007/978-1-84882-912-1_8},
  pages = {167--187},
  publisher  = {Springer London}, 
  year = 2010
}

@inproceedings{Leino-Muller:ESOP09,
  author    = {K. Rustan M. Leino and
               Peter M{\"{u}}ller},
  title     = {A Basis for Verifying Multi-threaded Programs},
  pages     = {378--393},
  crossref  = {ESOP:09},
  optdoi       = {10.1007/978-3-642-00590-9_27},
}

@inproceedings{Zee-al:PLDI08,
  author    = {Karen Zee and
               Viktor Kuncak and
               Martin C. Rinard},
  title     = {Full functional verification of linked data structures},
  pages     = {349--361},
  crossref  = {PLDI:08},
}

@phdthesis{Vogels:PhD,
	author = {Vogels, Fr\'ed\'eric},
	title = {Formalisation and Soundness of Static Verification Algorithms for Imperative Programs},
	year = {2012},
	optmonth = {December},
	school = {KU Leuven},
}

@techreport{Jacobs-al:sharedboxes,
	author = {Smans, Jan and Vanoverberghe, Dries and Devriese, Dominique and Jacobs, Bart and Piessens, Frank},
	title = {Shared boxes: {R}ely-{G}uarantee reasoning in {VeriFast}},
	year = {2014},
	month = {May},
	number = {CW662},
	institution = {KU Leuven},
	type = {CW Reports},
}

@inproceedings{Raad-al:colosl,
        author = {Azalea Raad and 
                  Jules Villard and 
                  Philippa Gardner},
        crossref = {ESOP:15},
        title  = {{CoLoSL: Concurrent Local Subjective Logic}},
        pages   = {710--735}}

@inproceedings{Sergey-al:ESOP15,
        author = {Ilya Sergey and 
                  Aleksandar Nanevski and 
                  Anindya Banerjee},
        crossref = {ESOP:15},
        title  = {Specifying and Verifying Concurrent Algorithms with Histories and Subjectivity},
        pages   = {333--358}}


@inproceedings{Vafeiadis:VMCAI10,
  author    = {Viktor Vafeiadis},
  title     = {{RGSep Action Inference}},
  pages     = {345--361},
  crossref  = {VMCAI:10},
  optdoi       = {10.1007/978-3-642-11319-2_25},
}

@inproceedings{Calcagno-al:SAS07,
  author    = {Cristiano Calcagno and
               Matthew J. Parkinson and
               Viktor Vafeiadis},
  title     = {Modular Safety Checking for Fine-Grained Concurrency},
  pages     = {233--248},
  crossref  = {SAS:07},
  opturl       = {http://dx.doi.org/10.1007/978-3-540-74061-2_15},
  optdoi       = {10.1007/978-3-540-74061-2_15},
}

@inproceedings{Hobor-Villard:POPL13,
  author    = {Aquinas Hobor and
               Jules Villard},
  title     = {The ramifications of sharing in data structures},
  pages     = {523--536},
  crossref  = {POPL:13},
  optdoi = {10.1145/2429069.2429131},
}

@inproceedings{Garillot-al:TPHOL09,
  author    = {Fran\c{c}ois Garillot and
               Georges Gonthier and
               Assia Mahboubi and
               Laurence Rideau},
  title     = {Packaging Mathematical Structures},
  pages     = {327-342},
  crossref  = {TPHOL:09},
  opturl       = {http://dx.doi.org/10.1007/978-3-642-03359-9_23},
  optdoi       = {10.1007/978-3-642-03359-9_23},
}

@inproceedings{Mahboubi-Tassi:ITP13,
  author    = {Assia Mahboubi and
               Enrico Tassi},
  title     = {Canonical Structures for the Working {C}oq User},
  pages     = {19-34},
  crossref  = {ITP:13},
  opturl       = {http://dx.doi.org/10.1007/978-3-642-39634-2_5},
  optdoi       = {10.1007/978-3-642-39634-2_5},
}

@inproceedings{Wickerson-al:ESOP10,
  author    = {John Wickerson and
               Mike Dodds and
               Matthew J. Parkinson},
  title     = {Explicit Stabilisation for Modular Rely-Guarantee Reasoning},
  pages     = {610--629},
  crossref  = {ESOP:10},
  opturl       = {http://dx.doi.org/10.1007/978-3-642-11957-6_32},
  optdoi       = {10.1007/978-3-642-11957-6_32},
}

@inproceedings{Sozeau:TYPES06,
  author    = {Matthieu Sozeau},
  title     = {{Subset coercions in Coq}},
  pages     = {237-252},
  crossref  = {TYPES:06},
  optdoi       = {10.1007/978-3-540-74464-1_16},
}

@inproceedings{Leino-al:FOSAD09,
  author    = {K. Rustan M. Leino and
               Peter M{\"{u}}ller and
               Jan Smans},
  title     = {{Verification of Concurrent Programs with Chalice}},
  pages     = {195--222},
  optdoi       = {10.1007/978-3-642-03829-7_7},
  crossref  = {FOSAD:09}
}

@inproceedings{Blom-Huisman:FM14,
  author    = {Stefan Blom and
               Marieke Huisman},
  title     = {{The VerCors Tool for Verification of Concurrent Programs}},
  pages     = {127--131},
  crossref  = {FM:14},
}

@inproceedings{Cohen-al:TPHOL09,
  author    = {Ernie Cohen and
               Markus Dahlweid and
               Mark A. Hillebrand and
               Dirk Leinenbach and
               Michal Moskal and
               Thomas Santen and
               Wolfram Schulte and
               Stephan Tobies},
  title     = {{VCC:} {A} Practical System for Verifying Concurrent {C}},
  pages     = {23--42},
  crossref  = {TPHOL:09},
  optdoi = {10.1007/978-3-642-03359-9_2},
}

@inproceedings{Sozeau-Tabareau:ITP14,
  author    = {Matthieu Sozeau and
               Nicolas Tabareau},
  title     = {{Universe polymorphism in Coq}},
  pages     = {499--514},
  crossref  = {ITP:14},
  optdoi       = {10.1007/978-3-319-08970-6_32},
}

@inproceedings{Gonthier-al:ICFP11,
  author    = {Georges Gonthier and
               Beta Ziliani and
               Aleksandar Nanevski and
               Derek Dreyer},
  title     = {How to make ad hoc proof automation less ad hoc},
  pages     = {163--175},
  crossref  = {ICFP:11},
  opturl       = {http://doi.acm.org/10.1145/2034773.2034798},
  optdoi       = {10.1145/2034773.2034798},
}

@inproceedings{Ziliani-al:ICFP13,
  author    = {Beta Ziliani and
               Derek Dreyer and
               Neelakantan R. Krishnaswami and
               Aleksandar Nanevski and
               Viktor Vafeiadis},
  title     = {Mtac: a monad for typed tactic programming in {C}oq},
  pages     = {87--100},
  crossref  = {ICFP:13},
}

@article{Dijkstra:CACM75,
 author = {Dijkstra, Edsger W.},
 title = {Guarded Commands, Nondeterminacy and Formal Derivation of Programs},
 journal = {Commun. ACM},
 issue_date = {1975},
 volume = {18},
 number = {8},
 month = aug,
 year = {1975},
 pages = {453--457},
  opturl       = {http://doi.acm.org/10.1145/360933.360975},
  optdoi       = {10.1145/360933.360975},
} 

@inproceedings{Smans-al:ECOOP09,
  author    = {Jan Smans and
               Bart Jacobs and
               Frank Piessens},
  title     = {{Implicit Dynamic Frames: Combining Dynamic Frames and Separation Logic}},
  pages     = {148--172},
  crossref  = {ECOOP:09},
  optdoi       = {10.1007/978-3-642-03013-0_8},
}


@inproceedings{Chlipala-al:ICFP09,
  author    = {Adam Chlipala and
               J. Gregory Malecha and
               Greg Morrisett and
               Avraham Shinnar and
               Ryan Wisnesky},
  title     = {Effective interactive proofs for higher-order imperative programs},
  pages     = {79--90},
  crossref  = {ICFP:09},
  opturl       = {http://doi.acm.org/10.1145/1596550.1596565},
  optdoi       = {10.1145/1596550.1596565},
}

@inproceedings{Feng-Shao:ICFP05,
  author    = {Xinyu Feng and
               Zhong Shao},
  title     = {Modular verification of concurrent assembly code with dynamic thread
               creation and termination},
  pages     = {254--267},
  crossref  = {ICFP:05},
}

@inproceedings{Feng-al:PLDI08,
  author    = {Xinyu Feng and
               Zhong Shao and
               Yuan Dong and
               Yu Guo},
  title     = {Certifying low-level programs with hardware interrupts and preemptive
               threads},
  pages     = {PLDI:08},
}

@inproceedings{Ni-Shao:POPL06,
  author    = {Zhaozhong Ni and
               Zhong Shao},
  title     = {Certified assembly programming with embedded code pointers},
  pages     = {320--333},
  crossref  = {POPL:06},
}

@phdthesis{Gordon:PhD,
title = {Verifying Concurrent Programs by Controlling Alias Interference},
author = {Colin S. Gordon},
school = {University of Washington},
year = {2014},
}


@inproceedings{Letouzey:CIE08,
  author    = {Pierre Letouzey},
  title     = {{Extraction in Coq: An Overview}},
  pages     = {359--369},
  crossref  = {CIE:08},
  optdoi       = {10.1007/978-3-540-69407-6_39},
}

@Book{Bertot-Casteran:BOOK, 
	Author = {Bertot, Yves and Cast\'{e}ran, Pierre},
	Title = {{Interactive Theorem Proving and Program Development. Coq'Art: The Calculus of Inductive Constructions}},
        Series = {{Texts in Theoretical Computer Science}},
	Publisher = {Springer Verlag},
	Year = {2004},
        isbn = {978-3-662-07964-5},
        optdoi  = {10.1007/978-3-662-07964-5}
} 


@article{Shao:CACM10,
  author    = {Zhong Shao},
  title     = {Certified software},
  journal   = {Commun. {ACM}},
  year      = {2010},
  volume    = {53},
  number    = {12},
  pages     = {56--66},
  opturl       = {http://doi.acm.org/10.1145/1859204.1859226},
  optdoi       = {10.1145/1859204.1859226},
}

@inproceedings{Leroy:POPL06,
  author    = {Xavier Leroy},
  title     = {Formal certification of a compiler back-end or: programming a compiler
               with a proof assistant},
  pages     = {42--54},
  crossref  = {POPL:06},
  opturl       = {http://doi.acm.org/10.1145/1111037.1111042},
  optdoi       = {10.1145/1111037.1111042},
}

@Book{Appel-al:BOOK14, 
	Author = {Andrew W. Appel and
                  Robert Dockins and
                  Aquinas Hobor and
                  Lennart Beringer and
                  Josiah Dodds and
                  Gordon Stewart and
                  Sandrine Blazy and 
                  Xavier Leroy},
	Title = {{Program Logics for Certified Compilers}},
	Publisher = {Cambridge University Press},
	Year = {2014},
        isbn = {9781107256552},
        optdoi = {10.1017/CBO9781107256552}
} 

@inproceedings{Jensen-al:POPL13,
  author    = {Jonas Braband Jensen and
               Nick Benton and
               Andrew Kennedy},
  title     = {High-level separation logic for low-level code},
  year      = {2013},
  pages     = {301--314},
  crossref  = {POPL:13},
  opturl       = {http://doi.acm.org/10.1145/2429069.2429105},
  optdoi       = {10.1145/2429069.2429105},
}

@Book{Chlipala:BOOK, 
	Author = {Adam Chlipala},
	Title = {{Certified Programming with Dependent Types}},
	Publisher = {The MIT Press},
	Year = {2013},
        note = {Available from \url{http://adam.chlipala.net/cpdt}},
        isbn = {9780262026659}
} 

@inproceedings{Banerjee-al:ECOOP08,
  author    = {Anindya Banerjee and
               David A. Naumann and
               Stan Rosenberg},
  title     = {Regional Logic for Local Reasoning about Global Invariants},
  pages     = {387--411},
  crossref  = {ECOOP:08},
  optdoi       = {10.1007/978-3-540-70592-5_17}
}

@Comment The following reference is given by Reynolds in the 
@Comment "Craft of programming" book, page 306, wrt. auxiliary variable.
@techreport{Lucas:TR,
  author = {Peter Lucas},
  title = {Two constructive realizations of the block concept and their equivalence},
  number = {25.085},
  institution = {IBM Laboratory Vienna},
  year = {1968}}

@misc{Sergey-al:PLDI15TR,
        author = {Ilya Sergey and 
                  Aleksandar Nanevski and 
                  Anindya Banerjee},
        title  = {Mechanized Verification of Fine-grained Concurrent Programs},
        note   = {Accompanying code and tutorial. Available from \url{http://software.imdea.org/fcsl}}}


@inproceedings{Jung-al:POPL15,
  author    = {Ralf Jung and
               David Swasey and
               Filip Sieczkowski and
               Kasper Svendsen and
               Aaron Turon and
               Lars Birkedal and
               Derek Dreyer},
  title     = {Iris: Monoids and Invariants as an Orthogonal Basis for Concurrent
               Reasoning},
  pages     = {637--650},
  crossref  = {POPL:15},
  opturl       = {http://doi.acm.org/10.1145/2676726.2676980},
  optdoi       = {10.1145/2676726.2676980},
}


@inproceedings{Cohen-al:SOFSEM13,
  author    = {Ernie Cohen and
               Wolfgang J. Paul and
               Sabine Schmaltz},
  title     = {Theory of Multi Core Hypervisor Verification},
  pages     = {1--27},
  crossref  = {SOFSEM:13},
}
