@inproceedings{Bornat-al:POPL05,
  author    = {Richard Bornat and
               Cristiano Calcagno and
               Peter W. O'Hearn and
               Matthew J. Parkinson},
  booktitle = {POPL'05},
  title     = {Permission accounting in separation logic}
}

@article{BornatCY06,
  author    = {Richard Bornat and
               Cristiano Calcagno and
               Hongseok Yang},
  title     = {Variables as Resource in Separation Logic},
  journal   = entcs,
  volume    = {155},
  year      = {2006}
}

@article{Brookes:TCS07,
  author    = {Stephen Brookes},
  title     = {A semantics for concurrent separation logic},
  journal   = {Th. Comp. Sci.},
  volume    = {375},
  number    = {1-3},
  year      = {2007}
}

@inproceedings{DinsdaleYoung-al:ECOOP10,
  author    = {Thomas Dinsdale-Young and
               Mike Dodds and
               Philippa Gardner and
               Matthew J. Parkinson and
               Viktor Vafeiadis},
  crossref  = {ECOOP:10},
  title     = {{Concurrent Abstract Predicates}}
}

@inproceedings{DoddsFPV09,
  author    = {Mike Dodds and
               Xinyu Feng and
               Matthew J. Parkinson and
               Viktor Vafeiadis},
  title     = {Deny-Guarantee Reasoning},
  booktitle = {ESOP},
  year      = {2009}
}

@inproceedings{Gotsman-al:ESOP13,
  author    = {Alexey Gotsman and
               Noam Rinetzky and
               Hongseok Yang},
  title     = {Verifying Concurrent Memory Reclamation Algorithms with
               Grace},
  optpages     = {249-269},
  crossref  = {ESOP:13},
}

@inproceedings{Fu-al:CONCUR10,
  author    = {Ming Fu and
               Yong Li and
               Xinyu Feng and
               Zhong Shao and
               Yu Zhang},
  title     = {Reasoning about Optimistic Concurrency Using a Program Logic
               for History},
  optpages     = {388-402},
  crossref  = {CONCUR:10},
}

@inproceedings{Liang-al:POPL12,
  author    = {Hongjin Liang and
               Xinyu Feng and
               Ming Fu},
  title     = {A rely-guarantee-based simulation for verifying concurrent
               program transformations},
  optpages     = {455-468},
  crossref  = {POPL:12},
}

@inproceedings{Liang-Feng:PLDI13,
  author    = {Hongjin Liang and
               Xinyu Feng},
  title     = {Modular verification of linearizability with non-fixed linearization
               points},
  crossref  = {PLDI:13},
  optpages     = {459-470},
}

@inproceedings{Elmas-al:TACAS10,
  author    = {Tayfun Elmas and
               Shaz Qadeer and
               Ali Sezgin and
               Omer Subasi and
               Serdar Tasiran},
  title     = {Simplifying Linearizability Proofs with Reduction and Abstraction},
  crossref  = {TACAS:10},
  optpages  = {296-311},
}

@inproceedings{Elmas-al:POPL09,
  author    = {Tayfun Elmas and
               Shaz Qadeer and
               Serdar Tasiran},
  title     = {A calculus of atomic actions},
  crossref  = {POPL:09},
  optpages     = {2-15},
}

@inproceedings{Feng-al:ESOP07,
  author    = {Xinyu Feng and
               Rodrigo Ferreira and
               Zhong Shao},
  title     = {On the Relationship Between Concurrent Separation Logic
               and Assume-Guarantee Reasoning},
  crossref   = {ESOP:07},
  optpages      = {}
}
@inproceedings{Feng09,
  author    = {Xinyu Feng},
  title     = {Local rely-guarantee reasoning},
  crossref = {POPL:09},
  optyear={2009}
}

@article{FlanaganF08,
  author    = {Cormac Flanagan and
               Stephen N. Freund},
  title     = {Atomizer: A dynamic atomicity checker for multithreaded
               programs},
  journal   = {Sci. Comput. Program.},
  volume    = {71},
  number    = {2},
  year      = {2008}
}
@Comment{pages     = {89-109}}

@article{FlanaganFLQ08,
  author    = {Cormac Flanagan and
               Stephen N. Freund and
               Marina Lifshin and
               Shaz Qadeer},
  title     = {Types for atomicity: Static checking and inference for Java},
  journal   = {ACM Trans. Program. Lang. Syst.},
  volume    = {30},
  number    = {4},
  year      = {2008}
}

@article{FlanaganFQS05,
  author    = {Cormac Flanagan and
               Stephen N. Freund and
               Shaz Qadeer and
               Sanjit A. Seshia},
  title     = {Modular verification of multithreaded programs},
  journal   = {Th. Comp. Sci.},
  volume    = {338},
  number    = {1-3},
  year      = {2005}
}
@Comment{pages     = {153-183}}

@inproceedings{FlanaganQ03,
  author    = {Cormac Flanagan and
               Shaz Qadeer},
  title     = {Thread-Modular Model Checking},
  booktitle = {SPIN},
  year      = {2003}
}
@Comment{pages     = {213-224}}

@inproceedings{FuLFSZ10,
  author    = {Ming Fu and
               Yong Li and
               Xinyu Feng and
               Zhong Shao and
               Yu Zhang},
  title     = {Reasoning about Optimistic Concurrency Using a Program Logic
               for History},
  booktitle = {CONCUR},
  year      = {2010}
}
@Comment{pages     = {388-402}}

@article{Herlihy-WingTOPLAS90,
  author    = {Maurice Herlihy and
               Jeannette M. Wing},
  title     = {Linearizability: A Correctness Condition for Concurrent
               Objects},
  journal   = toplas,
  volume    = {12},
  number    = {3},
  year      = {1990}
}
@Comment{pages     = {463-492}}

@article{Jones:TOPLAS83,
  author    = {Cliff B. Jones},
  title     = {Tentative Steps Toward a Development Method for Interfering
               Programs},
  journal   = toplas,
  volume    = {5},
  number    = {4},
  year      = {1983}
}
@Comment{pages     = {596-619}}

@inproceedings{Jones:IFIP83,
  author    = {Cliff B. Jones},
  title     = {Specification and Design of (Parallel) Programs},
  booktitle = {IFIP Congress},
  year      = {1983},
  optpages     = {321--332},
}

@inproceedings{jones83:ifip,
  author    = {Cliff B. Jones},
  title     = {Specification and Design of (Parallel) Programs},
  booktitle = {IFIP Congress},
  year      = {1983}
}
@Comment{pages     = {321-332}}

                  
@incollection{Jones00,
  author    = {Cliff B. Jones},
  title     = {Wanted: a compositional approach to concurrency},
  booktitle = {Programming Methodology},
  year      = {2000}
}
@Comment{pages     = {1-15}}

@techreport{Jones09,
  author    = {Cliff B. Jones},
  title     = {The role of auxiliary variables in the formal development of concurrent programs},
  number    = {CS-TR-1179},
  institution = {University of Newcastle upon Tyne, Computing Science},
  year      = {2009}
}

@inproceedings{IshtiaqO01,
  author    = {Samin S. Ishtiaq and
               Peter W. O'Hearn},
  title     = {{BI} as an Assertion Language for Mutable Data Structures},
  booktitle = {POPL},
  year      = {2001}
}
@Comment{pages     = {14-26}}

@article{OHearn:TCS07,
  author    = {Peter W. O'Hearn},
  title     = {Resources, concurrency, and local reasoning},
  journal   = {Th. Comp. Sci.},
  volume    = {375},
  number    = {1-3},
  year      = {2007}
}
@Comment{pages     = {271-307}}

@inproceedings{OHearn-al:PODC10,
  author    = {Peter W. O'Hearn and
               Noam Rinetzky and
               Martin T. Vechev and
               Eran Yahav and
               Greta Yorsh},
  title     = {Verifying linearizability with hindsight},
  crossref  = {PODC:10}
}
@Comment{pages     = {85-94}}

@InProceedings{Calcagno-al:LICS07,
  author =       {Cristiano Calcagno and Peter W. O'Hearn and Hongseok Yang},
  title =        {Local Action and Abstract Separation Logic},
  booktitle = {LICS},
  year = {2007}
}
@Comment{pages =        {366--368}}

@article{Owicki-Gries:CACM76,
  author    = {Susan S. Owicki and
               David Gries},
  title     = {Verifying Properties of Parallel Programs: An Axiomatic
               Approach},
  journal   = {Commun. ACM},
  volume    = {19},
  number    = {5},
  year      = {1976}
}


@article{OwickiG76cacm,
  author    = {Susan S. Owicki and
               David Gries},
  title     = {Verifying Properties of Parallel Programs: An Axiomatic
               Approach},
  journal   = {Commun. ACM},
  volume    = {19},
  number    = {5},
  year      = {1976}
}
@Comment{pages     = {279-285}}

@article{OwickiG76ai,
  author    = {Susan S. Owicki and
               David Gries},
  title     = {An Axiomatic Proof Technique for Parallel Programs {I}},
  journal   = {Acta Inf.},
  volume    = {6},
  year      = {1976}
}
@Comment{pages     = {319-340}}

@inproceedings{ParkinsonBC06,
  author    = {Matthew J. Parkinson and
               Richard Bornat and
               Cristiano Calcagno},
  title     = {Variables as Resource in {H}oare Logics},
  booktitle = {LICS},
  year={2006}
}
@Comment{pages     = {137-146}}

@inproceedings{ReddyR12,
  author    = {Uday S. Reddy and
               John C. Reynolds},
  title     = {Syntactic Control of Interference for Separation Logic},
  booktitle = {POPL},
  year={2012}
}
@Comment{pages     = {???-???}}

@inproceedings{Reynolds:LICS02,
  author    = {John C. Reynolds},
  title     = {Separation Logic: A Logic for Shared Mutable Data Structures},
  crossref  = {LICS:02},
  optpages  = {55-74}
}
@Comment{pages     = {55-74}}

@inproceedings{Reynolds:FSTTCS04,
  author    = {John C. Reynolds},
  title     = {Toward a Grainless Semantics for Shared-Variable Concurrency},
  optpages     = {35-48},
  crossref  = {FSTTCS:04},
}

@inproceedings{Jacobs-Piessens:POPL11,
  author    = {Bart Jacobs and
               Frank Piessens},
  title     = {Expressive modular fine-grained concurrency specification},
  crossref  = {POPL:11}
}
@Comment{pages     = {271-282}}

@inproceedings{Vafeiadis-al:PPOPP06,
  author    = {Viktor Vafeiadis and
               Maurice Herlihy and
               Tony Hoare and
               Marc Shapiro},
  title     = {Proving correctness of highly-concurrent linearisable objects},
  crossref  = {PPOPP:06},
  optpages     = {129-136},
}
@Comment{pages     = {129-136}}

@inproceedings{Vafeiadis-Parkinson:CONCUR07,
  author    = {Viktor Vafeiadis and
               Matthew J. Parkinson},
  title     = {{A Marriage of Rely/Guarantee and Separation Logic}},
  crossref  = {CONCUR:07},
  optpages     = {256-271}
}

@article{Vafeiadis11,
  author    = {Viktor Vafeiadis},
  title     = {Concurrent separation logic and operational semantics},
  journal   = entcs,
  volume    = {276},
  year      = {2011}
}
@Comment{pages = {335--351},}

@inproceedings{Krishnaswami-al:ICFP12,
  author    = {Neelakantan R. Krishnaswami and
               Aaron Turon and
               Derek Dreyer and
               Deepak Garg},
  title     = {Superficially substructural types},
  optpages     = {41-54},
  crossref  = {ICFP:12},
}


@ARTICLE{gon+mah:jfr10,
  author = {Gonthier, Georges and Mahboubi, Assia},
  title = {{An introduction to small scale reflection in Coq}},
  journal = {Journal of Formalized Reasoning},
  year = {2010},
  volume = {3},
  number = {2},
  publisher = {Journal of Formalized Reasoning},
  url = {http://hal.inria.fr/inria-00515548/en}
}
@Comment{pages = {95-152}}

@inproceedings{Yahav01,
  author    = {Eran Yahav},
  title     = {Verifying safety properties of concurrent Java programs
               using 3-valued logic},
  booktitle = {POPL},
  year      = {2001}
}
@Comment{pages     = {27-40}}

@inproceedings{linown11,
  title = "The Importance of Being Linearizable",
  author = "Alexey Gotsman and Hongseok Yang",
  year = "2011",
  note = "(Submitted)",
}

@phdthesis{Vafeiadis:PhD,
title = {Modular fine-grained concurrency verification},
author = {Viktor Vafeiadis},
school = {University of Cambridge},
year = {2007},
}

@inproceedings{Nanevski-al:POPL10,
  author    = {Aleksandar Nanevski and
               Viktor Vafeiadis and
               Josh Berdine},
  title     = {Structuring the verification of heap-manipulating programs},
  crossref = {POPL:10}
}
@COMMENT{pages     = {261-274}}

@inproceedings{xi03,
author = "Hongwei Xi",
title = {{Applied Type System (extended abstract)}},
booktitle = "{TYPES}'03",
year = "2004",
pages = "394--408"
}


@InProceedings{jia:icfp08,
  author = 	 {Limin Jia and Jeffrey A. Vaughan and Karl Mazurak and Jianzhou Zhao and Luke Zarko and Joseph Schorr and Steve Zdancewic},
  title = 	 {{AURA}: A programming language for authorization and audit},
  booktitle = {ICFP},
  year = 	 {2008}
}

@InProceedings{aug:icfp98, 
  author =       {Lennart Augustsson},
  title =        {Cayenne -- A Language With Dependent Types},
  booktitle =    {ICFP},
  year =         1998
}
@COMMENT{pages = {239--250}}

@InProceedings{xi:pldi98,
  author =       {Hongwei Xi and Frank Pfenning},
  title =        {Eliminating Array Bound Checking Through Dependent Types},
  booktitle =    {PLDI},
  year =         1998
}
@COMMENT{pages =        {249--257}}

@article{mcb:jfp04, 
  author    = {Conor McBride and James McKinna},
  title     = {The view from the left},
  journal   = {J. Funct. Program.},
  volume    = {14},
  number    = {1},
  year      = {2004},
  pages     = {69-111}
}

@inproceedings{ben:csf08, 
 author = {Bengtson, Jesper and Bhargavan, Karthikeyan and Fournet, C\'{e}dric and Gordon, Andrew D. and Maffeis, Sergio},
 title = {Refinement Types for Secure Implementations},
 booktitle = {CSF},
 year = {2008},
}
@COMMENT{pages = {17--32}}

@inproceedings{swa:icfp11,
  author    = {Nikhil Swamy and
               Juan Chen and
               C{\'e}dric Fournet and
               Pierre-Yves Strub and
               Karthikeyan Bhargavan and
               Jean Yang},
  title     = {Secure distributed programming with value-dependent types},
  booktitle = {ICFP},
  year      = {2011}
}
@COMMENT{pages     = {266-278}}
                  
@inproceedings{fou:csf07,
  author    = {C{\'e}dric Fournet and
               Andy Gordon and
               Sergio Maffeis},
  title     = {A Type Discipline for Authorization in Distributed Systems},
  booktitle = {CSF},
  year      = {2007}
}

@inproceedings{swa:sp08, 
  author    = {Nikhil Swamy and
               Brian J. Corcoran and
               Michael Hicks},
  title     = {Fable: A Language for Enforcing User-defined Security Policies},
  booktitle = {S\&P},
  year      = {2008}
}
@COMMENT{pages     = {369-383}}

@inproceedings{swa:esop10,
  author    = {Nikhil Swamy and
               Juan Chen and
               Ravi Chugh},
  title     = {Enforcing Stateful Authorization and Information Flow Policies
               in Fine},
  booktitle = {ESOP},
  year      = {2010}
}
@COMMENT{pages     = {529-549}}

@inproceedings{stu:plpv09, 
 author = {Stump, Aaron and Deters, Morgan and Petcher, Adam and Schiller, Todd and Simpson, Timothy},
 title = {{Verified Programming in Guru}},
 booktitle = {PLPV}, 
 year = {2009}
}
@COMMENT{pages = {49--58}}

@article{Filipovic-al:TCS10,
  author    = {Ivana Filipovic and
               Peter W. O'Hearn and
               Noam Rinetzky and
               Hongseok Yang},
  title     = {Abstraction for concurrent objects},
  journal   = {Theor. Comput. Sci.},
  volume    = {411},
  number    = {51-52},
  year      = {2010},
  optpages     = {4379-4398}
}

@InProceedings{jha:pldi08,
  author =       {Patrick Rondon and Ming Kawaguchi and Ranjit Jhala},
  title =        {Liquid Types},
  booktitle =    {PLDI},
  year =         {2008}
}
@COMMENT{pages =        {159--169}}

@inproceedings{avi:tldi10, 
 author = {Avijit, Kumar and Datta, Anupam and Harper, Robert},
 title = {Distributed programming with distributed authorization},
 booktitle = {Proceedings of the 5th ACM SIGPLAN workshop on Types in language design and implementation},
 series = {TLDI},
 year = {2010}
}
@COMMENT{pages = {27--38}}
i
@inproceedings{sage06,
 author = {Cormac Flanagan},
 title = {Hybrid type checking},
 booktitle = {POPL},
 year = {2006}
}
@COMMENT{pages = {245--256}}

@InProceedings{Nanevski-al:ICFP08,
  author =       {Aleksandar Nanevski and Greg Morrisett and Avi Shinnar and Paul Govereau and Lars Birkedal
},
  title =        {{Ynot}: Dependent Types for Imperative Programs},
  crossref = {ICFP:08},
}
@COMMENT{pages={229--240}}

@inproceedings{par:popl05,
  author    = {Matthew J. Parkinson and
               Gavin M. Bierman},
  title     = {Separation logic and abstraction},
  booktitle = {POPL},
  year      = {2005}
}
@COMMENT{pages     = {247-258}}

@inproceedings{NanevskiGMTLDI09,
  author    = {Aleksandar Nanevski and
               Paul Govereau and
               Greg Morrisett},
  title     = {Towards type-theoretic semantics for transactional concurrency},
  booktitle = {TLDI},
  year      = {2009}
}
@Comment pages     = {79-90},

@inproceedings{LeyWild-Nanevski:POPL13,
  author    = {Ruy Ley-Wild and
               Aleksandar Nanevski},
  title     = {Subjective auxiliary state for coarse-grained concurrency},
  crossref  = {POPL:13}
}

@Misc{rlw+nan:scsl12,
  author = 	 {Ruy Ley-Wild and Aleksandar Nanevski},
  title = 	 {Subjective Concurrent Separation Logic},
  howpublished = {http://software.imdea.org/\~{}aleks/papers/concur/scsl.pdf},
  month = 	 {January},
  year = 	 {2012}
}

@inproceedings{moggi89computational,
    author = "Eugenio Moggi",
    title = "Computational lambda-calculus and monads",
    booktitle = "\lics{89}",
    address = "Asilomar, California",
    pages = "14--23",
    year = "1989"
}

@article{moggi91notions,
    author = "Eugenio Moggi",
    title = "Notions of computation and monads",
    journal = "Information and Computation",
    volume = "93",
    number = "1",
    pages = "55--92",
    year = "1991",
    publisher = "Academic Press"
}

@article{Lipton-CACM75,
  author    = {Richard J. Lipton},
  title     = {Reduction: A Method of Proving Properties of Parallel Programs},
  journal   = {Commun. ACM},
  volume    = {18},
  number    = {12},
  year      = {1975},
  optpages     = {717-721},
}

@inproceedings{ohe:popl04,
  author    = {Peter W. O'Hearn and
               Hongseok Yang and
               John C. Reynolds},
  title     = {Separation and information hiding},
  booktitle = {POPL},
  year      = {2004}
}

@Comment original occurrences of auxiliary state:

@Comment Per Brinch Hansen
@Comment Concurrent Programming Concepts
@Comment ACM Computing Surveys 5(4) (1973)

@Comment H. C. Lauer
@Comment Correctness in operating systems
@Comment Ph.D. Th., Carnegie-Mellon U., 1973.

@article{BradyH10,
  author    = {Edwin Brady and
               Kevin Hammond},
  title     = {Correct-by-Construction Concurrency: Using Dependent Types
               to Verify Implementations of Effectful Resource Usage Protocols},
  journal   = {Fundam. Inform.},
  volume    = {102},
  number    = {2},
  year      = {2010},
  pages     = {145-176},
  ee        = {http://dx.doi.org/10.3233/FI-2010-303},
  bibsource = {DBLP, http://dblp.uni-trier.de}
}

@inproceedings{Nanevski-al:ESOP14,
  author    = {Aleksandar Nanevski and
               Ruy Ley-Wild and
               Ilya Sergey and
               Germ{\'a}n Andr{\'e}s Delbianco},
  title     = {{Communicating State Transition Systems for Fine-Grained
               Concurrent Resources}},
  crossref = {ESOP:14}
}

@misc{Nanevski-al:ESOP14TR,
  author    = {Aleksandar Nanevski and
               Ruy Ley-Wild and
               Ilya Sergey and
               Germ{\'a}n Andr{\'e}s Delbianco},
  title     = {{Communicating State Transition Systems for Fine-Grained
               Concurrent Resources. Extended Version.}},
  year = {2014},
  note =  {Available at \url{http://ilyasergey.net/papers/concurroids-esop14-extended.pdf}},
}


@inproceedings{GonthierZND11,
  author    = {Georges Gonthier and
               Beta Ziliani and
               Aleksandar Nanevski and
               Derek Dreyer},
  title     = {How to make ad hoc proof automation less ad hoc},
  booktitle = {ICFP},
  year      = {2011}
}

@inproceedings{cai:tctt12,
  author    = {Luís Caires and
               Frank Pfenning and
               Bernardo Toninho},
  title     = {Towards Concurrent Type Theory},
  booktitle = {TLDI},
  year      = {2012}
}

@inproceedings{ParkinsonBO07,
  author    = {Matthew J. Parkinson and
               Richard Bornat and
               Peter W. O'Hearn},
  title     = {Modular verification of a non-blocking stack},
  booktitle = {POPL},
  year      = {2007}
}

@phdthesis{Norell07,
title = {Towards a practical programming language based on dependent type theory},
author = {Ulf Norell},
school = {Chalmers University of Technology},
year = {2007}
}

@inproceedings{BorgstromCS11,
  author    = {Johannes Borgstr{\"o}m and
               Juan Chen and
               Nikhil Swamy},
  title     = {Verifying stateful programs with substructural state and
               hoare types},
  booktitle = {PLPV},
  year      = {2011}
}


@proceedings{vdm,
 editor = {Bj{\o}rner, Dines and Jones, Cliff B.},
 title = {The Vienna Development Method: The Meta-Language},
 year = {1978},
 isbn = {3-540-08766-4},
 publisher = {Springer-Verlag}
} 

@inproceedings{Leino10,
  author    = {K. Rustan M. Leino},
  title     = {Verifying Concurrent Programs with Chalice},
  booktitle = {VMCAI},
  year      = {2010}
}

@inproceedings{LeinoMS09,
  author    = {K. Rustan M. Leino and
               Peter M{\"u}ller and
               Jan Smans},
  title     = {Verification of Concurrent Programs with Chalice},
  booktitle = {FOSAD},
  year      = {2009}
}

@inproceedings{LeinoMS10,
  author    = {K. Rustan M. Leino and
               Peter M{\"u}ller and
               Jan Smans},
  title     = {Deadlock-Free Channels and Locks},
  booktitle = {ESOP},
  year      = {2010}
}

@inproceedings{LeinoM09,
  author    = {K. Rustan M. Leino and
               Peter M{\"u}ller},
  title     = {A Basis for Verifying Multi-threaded Programs},
  booktitle = {ESOP},
  year      = {2009}
}

@InProceedings{Birkedal:Yang:07,
  title =        "Relational Parametricity and Separation Logic",
  author =       "Lars Birkedal and Hongseok Yang",
  year =         2007,
  booktitle =    "{FOSSACS'07}",
  volume =       4423,
  series =       "LNCS"
}

@Misc{scsl-coqscripts,
  author = 	 {Ruy Ley-Wild and Aleksandar Nanevski},
  title = 	 {{Supporting Material}},
  howpublished = {https://software.imdea.org/\~{}aleks/scsl/}, 
  month = 	 {July},
  year = 	 {2012}
}

@Misc{fcsl-coqscripts,
  author = 	 {Aleksandar Nanevski and Ruy Ley-Wild and Ilya Sergey
                  and Germ\'{a}n Andr\'{e}s Delbianco},
  title = 	 {{Supporting Material}},
  howpublished = {\\ \url{http://software.imdea.org/~aleks/fcsl/}} 
}


@inproceedings{PintoDDGW11,
  author    = {Pedro da Rocha Pinto and
               Thomas Dinsdale-Young and
               Mike Dodds and
               Philippa Gardner and
               Mark J. Wheelhouse},
  title     = {A simple abstraction for complex concurrent indexes},
  booktitle = {OOPSLA},
  year      = {2011}
}

@article{CalcagnoGZ07,
  author    = {Cristiano Calcagno and
               Philippa Gardner and
               Uri Zarfaty},
  title     = {Local Reasoning about Data Update},
  journal   = {Electr. Notes Theor. Comput. Sci.},
  volume    = {172},
  year      = {2007}
}


@inproceedings{Greenberg-al:POPL10,
  author    = {Michael Greenberg and
               Benjamin C. Pierce and
               Stephanie Weirich},
  title     = {Contracts made manifest},
  crossref  = {POPL:10},
  optpages     = {353-364},
}

@inproceedings{MartinLof71,
author = {Per Martin-L\"of},
title = {Haupstatz for the intuitionistic theory of iterated inductive definitions},
booktitle = {Scandinavian Logic Symposium},
year = {1971},
}

@article{Dybjer97,
    author = {Peter Dybjer},
    title = {Inductive Families},
    journal = {Formal Aspects of Computing},
    year = {1997},
    volume = {6}
}%    pages = {440--465}

@inproceedings{Nanevski-al:ICFP06,
  author    = {Aleksandar Nanevski and
               Greg Morrisett and
               Lars Birkedal},
  title     = {Polymorphism and separation in hoare type theory},
  crossref  = {ICFP:06},
  year      = {2006},
  optpages     = {62-73},
}

@inproceedings{Leroy:POPL94,
  author    = {Xavier Leroy},
  title     = {Manifest Types, Modules, and Separate Compilation},
  crossref = {POPL:94},
  optpages     = {109-122},
}

@phdthesis{Owicki75,
  author    = {Susan S. Owicki},
  title     = {Axiomatic Proof Techniques for Parallel Programs},
  year      = {1975},
  school = {Cornell University}
}

@inproceedings{Nieto03,
  author    = {Leonor Prensa Nieto},
  title     = {The Rely-Guarantee Method in Isabelle/HOL},
  booktitle = {ESOP},
  year      = {2003}
}

@inproceedings{kri+tur+dre+gar:icfp12, 
 author = {Krishnaswami, Neelakantan R. and Turon, Aaron and Dreyer, Derek and Garg, Deepak},
 title = {Superficially substructural types},
 booktitle = {ICFP},
 year = {2012},
} 

@article{Kleymann:FAC99,
  author    = {Thomas Kleymann},
  title     = {Hoare Logic and Auxiliary Variables},
  journal   = {Formal Asp. Comput.},
  volume    = {11},
  number    = {5},
  year      = {1999}
}

@inproceedings{Svendsen-al:ESOP13,
  author    = {Kasper Svendsen and
               Lars Birkedal and
               Matthew J. Parkinson},
  title     = {Modular Reasoning about Separation of Concurrent Data Structures},
  crossref  = {ESOP:13}
}

@inproceedings{Colvin-al:CAV06,
  author    = {Robert Colvin and
               Lindsay Groves and
               Victor Luchangco and
               Mark Moir},
  title     = {{Formal Verification of a Lazy Concurrent List-Based Set
               Algorithm}},
  optpages     = {475-488},
  crossref  = {CAV:06},
}

@inproceedings{Svendsen-Birkedal:ESOP14,
  author    = {Kasper Svendsen and
               Lars Birkedal},
  title     = {{Impredicative Concurrent Abstract Predicates}},
  optpages     = {149-168},
  crossref  = {ESOP:14},
}

@inproceedings{Feng:POPL09,
  author    = {Xinyu Feng},
  title     = {Local rely-guarantee reasoning},
  crossref  = {POPL:09},
}

@book{Herlihy-Shavit:08,
  author    = {Maurice Herlihy and
               Nir Shavit},
  title     = {The art of multiprocessor programming},
  publisher = {M. Kaufmann},
  year      = {2008},
}

@Book{Bertot-Casteran:04, 
	Author = {Bertot, Yves and Cast\'{e}ran, Pierre},
	Title = {Interactive Theorem Proving and Program Development. Coq'Art: The Calculus of Inductive Constructions},
	Publisher = {Springer Verlag},
	Year = {2004}
} 

@inproceedings{Hendler-al:SPAA10,
  author    = {Danny Hendler and
               Itai Incze and
               Nir Shavit and
               Moran Tzafrir},
  title     = {Flat combining and the synchronization-parallelism tradeoff},
  crossref  = {SPAA:10},
  optpages     = {355-364},
}

@inproceedings{Gotsman-Yang:CONCUR12,
  author    = {Alexey Gotsman and
               Hongseok Yang},
  title     = {{Linearizability with Ownership Transfer}},
  optpages     = {256-271},
  crossref  = {CONCUR:12},
}

@inproceedings{ArrozPincho-al:ECOOP14,
  author    = {Pedro da Rocha Pinto and
               Thomas Dinsdale-Young and 
               Philippa Gardner},
  title     = {{TaDA: A Logic for Time and Data Abstraction}},
  crossref  = {ECOOP:14},
  optpages     = {???},
}



@inproceedings{Cerone-al:ICALP14,
  author    = {Andrea Cerone and
               Alexey Gotsman and
               Hongseok Yang},
  title     = {{Parameterised Linearisability}},
  crossref  = {ICALP:14},
  optpages     = {???},
}


@techreport{Treiber:TR,
   author = {R. Kent Treiber},
   title  = {Systems programming: coping with parallelism}, 
   institution = {IBM Almaden Research Center}, 
   number    = {RJ 5118},
   year = {1986},
}

@techreport{Qadeer-al:TR09,
   author = {Shaz Qadeer and
             Ali Sezgin and
             Serdar Tasiran},
   title  = {Back and Forth: Prophecy Variables for Static
                  Verification of Concurrent Programs},  
   optinstitution = {Microsoft Research}, 
   number    = {MSR-TR-2009-142},
   year = {2009},
}

@inproceedings{Harris-al:DISC02,
 author = {Harris, Timothy L. and Fraser, Keir and Pratt, Ian A.},
 title = {A Practical Multi-word Compare-and-Swap Operation},
 optpages = {265--279},
 crossref = {DISC:02},
} 

@inproceedings{Turon-al:POPL13,
  author    = {Aaron Joseph Turon and
               Jacob Thamsborg and
               Amal Ahmed and
               Lars Birkedal and
               Derek Dreyer},
  title     = {Logical relations for fine-grained concurrency},
  optpages     = {343-356},
  crossref  = {POPL:13},
}

@inproceedings{Turon-Wand:POPL11,
 author    = {Aaron Joseph Turon and
               Mitchell Wand},
  title     = {A separation logic for refining concurrent objects},
  optpages     = {247-258},
  crossref  = {POPL:11},
}


@Manual{coq-team,
        Author = {{The Coq Development Team}},
        title = {{The Coq Proof Assistant Reference Manual - Version V8.4}}, 
        year = {2012},
        note = {\url{http://coq.inria.fr/}}
}

@inproceedings{Turon-al:ICFP13,
  author    = {Aaron Turon and
               Derek Dreyer and
               Lars Birkedal},
  title     = {Unifying refinement and {H}oare-style reasoning in a logic
               for higher-order concurrency},
  crossref  = {ICFP:13}
}

@inproceedings{DinsdaleYoung-al:POPL13,
  author    = {Thomas Dinsdale-Young and
               Lars Birkedal and
               Philippa Gardner and
               Matthew J. Parkinson and
               Hongseok Yang},
  crossref  = {POPL:13},
  title     = {Views: compositional reasoning for concurrent programs},
  optpages = {???}
}

@inproceedings{Prensa:ESOP03,
  author    = {Leonor Prensa Nieto},
  title     = {{The Rely-Guarantee Method in Isabelle/HOL}},
  booktitle = {ESOP 2003},
}

@inproceedings{Jensen-Birkedal:ESOP12,
  author    = {Jonas Braband Jensen and
               Lars Birkedal},
  title     = {{Fictional Separation Logic}},
  optpages     = {377-396},
  crossref  = {ESOP:12},
}

@article{Michael:TPDS04,
  author    = {Maged M. Michael},
  title     = {Hazard Pointers: Safe Memory Reclamation for Lock-Free Objects},
  journal   = {IEEE Trans. Parallel Distrib. Syst.},
  volume    = {15},
  number    = {6},
  year      = {2004},
  optpages     = {491-504},
}


@inproceedings{Zhang-al:TAMC12,
  author    = {Zipeng Zhang and
               Xinyu Feng and
               Ming Fu and
               Zhong Shao and
               Yong Li},
  title     = {A Structural Approach to Prophecy Variables},
  optpages     = {61-71},
  crossref  = {TAMC:12},
}

@inproceedings{Bell-al:SAS10,
  author    = {Christian J. Bell and
               Andrew W. Appel and
               David Walker},
  title     = {Concurrent Separation Logic for Pipelined Parallelization},
  optpages     = {151--166},
  crossref  = {SAS:10}
}

@incollection{Diekert:1997:PCT:267871.267879,
 author = {Diekert, Volker and M{\'e}tivier, Yves},
 chapter = {Partial Commutation and Traces},
 title = {Handbook of Formal Languages, Vol. 3},
 editor = {Rozenberg, Grzegorz and Salomaa, Arto},
 year = {1997},
 isbn = {3-540-60649-1},
 pages = {457--533},
 numpages = {77},
 url = {http://dl.acm.org/citation.cfm?id=267871.267879},
 acmid = {267879},
 publisher = {Springer-Verlag New York, Inc.},
 address = {New York, NY, USA},
} 

@Misc{Sergey-al:ESOP15ext,
  author = 	 {Ilya Sergey 
                  and Aleksandar Nanevski
                  and Anindya Banerjee},
  title = 	 {Specifying and Verifying Concurrent Algorithms with
                  Histories and Subjectivity. {Extended Version and
                  Supporting Material}.},
  note = {Available from \url{http://ilyasergey.net/projects/histories}} 
}

