@inproceedings{Bornat-al:POPL05,
  author    = {Richard Bornat and
               Cristiano Calcagno and
               Peter W. O'Hearn and
               Matthew J. Parkinson},
  crossref  = {POPL:05},
  optpages     = {259--270},
  title     = {Permission accounting in separation logic},
  opturl       = {http://doi.acm.org/10.1145/1040305.1040327},
  optdoi       = {10.1145/1040305.1040327},
}

@article{Brookes:TCS07,
  author    = {Stephen Brookes},
  title     = {A semantics for concurrent separation logic},
  journal   = {Th. Comp. Sci.},
  volume    = {375},
  number    = {1-3},
  year      = {2007},
  opturl = {http://dx.doi.org/10.1016/j.tcs.2006.12.034},
  optdoi = {10.1016/j.tcs.2006.12.034},
}

@inproceedings{DinsdaleYoung-al:ECOOP10,
  author    = {Thomas Dinsdale-Young and
               Mike Dodds and
               Philippa Gardner and
               Matthew J. Parkinson and
               Viktor Vafeiadis},
  crossref  = {ECOOP:10},
  optpages     = {504--528},
  title     = {{Concurrent Abstract Predicates}},
  opturl       = {http://dx.doi.org/10.1007/978-3-642-14107-2_24},
  optdoi       = {10.1007/978-3-642-14107-2_24},
}


@inproceedings{Gotsman-al:ESOP13,
  author    = {Alexey Gotsman and
               Noam Rinetzky and
               Hongseok Yang},
  title     = {Verifying Concurrent Memory Reclamation Algorithms with
               Grace},
  optpages     = {249-269},
  crossref  = {ESOP:13},
}

@inproceedings{Fu-al:CONCUR10,
  author    = {Ming Fu and
               Yong Li and
               Xinyu Feng and
               Zhong Shao and
               Yu Zhang},
  title     = {Reasoning about Optimistic Concurrency Using a Program Logic
               for History},
  optpages     = {388-402},
  crossref  = {CONCUR:10},
}

@inproceedings{Liang-al:POPL12,
  author    = {Hongjin Liang and
               Xinyu Feng and
               Ming Fu},
  title     = {A rely-guarantee-based simulation for verifying concurrent
               program transformations},
  optpages     = {455-468},
  crossref  = {POPL:12},
}

@inproceedings{Liang-Feng:PLDI13,
  author    = {Hongjin Liang and
               Xinyu Feng},
  title     = {Modular verification of linearizability with non-fixed linearization
               points},
  crossref  = {PLDI:13},
  optpages     = {459--470},
 optdoi = {10.1145/2499370.2462189},
}

@inproceedings{Elmas-al:TACAS10,
  author    = {Tayfun Elmas and
               Shaz Qadeer and
               Ali Sezgin and
               Omer Subasi and
               Serdar Tasiran},
  title     = {Simplifying Linearizability Proofs with Reduction and Abstraction},
  crossref  = {TACAS:10},
  optpages  = {296-311},
}

@inproceedings{Elmas-al:POPL09,
  author    = {Tayfun Elmas and
               Shaz Qadeer and
               Serdar Tasiran},
  title     = {A calculus of atomic actions},
  crossref  = {POPL:09},
  optpages     = {2-15},
}

@inproceedings{Feng-al:ESOP07,
  author    = {Xinyu Feng and
               Rodrigo Ferreira and
               Zhong Shao},
  title     = {On the Relationship Between Concurrent Separation Logic
               and Assume-Guarantee Reasoning},
  crossref   = {ESOP:07},
  optpages      = {173--188},
  optdoi        = {10.1007/978-3-540-71316-6_13}
}

@article{Herlihy-Wing:TOPLAS90,
  author    = {Maurice Herlihy and
               Jeannette M. Wing},
  title     = {Linearizability: A Correctness Condition for Concurrent
               Objects},
  journal   = toplas,
  volume    = {12},
  number    = {3},
  year      = {1990},
 optdoi = {10.1145/78969.78972},
optpages     = {463-492}
}

@article{Jones:TOPLAS83,
  author    = {Cliff B. Jones},
  title     = {Tentative Steps Toward a Development Method for Interfering
               Programs},
  journal   = toplas,
  volume    = {5},
  number    = {4},
  year      = {1983},
 optpages     = {596-619},
 optdoi = {10.1145/69575.69577},
}

@inproceedings{Jones:IFIP83,
  author    = {Cliff B. Jones},
  title     = {Specification and Design of (Parallel) Programs},
  booktitle = {IFIP Congress},
  year      = {1983},
  optpages     = {321--332},
}

@techreport{Jones09,
  author    = {Cliff B. Jones},
  title     = {The role of auxiliary variables in the formal development of concurrent programs},
  number    = {CS-TR-1179},
  institution = {University of Newcastle upon Tyne, Computing Science},
  year      = {2009}
}

@techreport{Lucas68,
  author    = {Peter Lucas},
  title     = {Two constructive realizations of the block concept and their equivalence},
  number    = {TR 25.085},
  institution = {IBM Laboratory Vienna},
  year      = {1968}
}

@article{OHearn:TCS07,
  author    = {Peter W. O'Hearn},
  title     = {Resources, concurrency, and local reasoning},
  journal   = {Th. Comp. Sci.},
  volume    = {375},
  number    = {1-3},
  year      = {2007},
  optpages = {271--307},
  optdoi = {10.1016/j.tcs.2006.12.035},
}

@inproceedings{OHearn-al:PODC10,
  author    = {Peter W. O'Hearn and
               Noam Rinetzky and
               Martin T. Vechev and
               Eran Yahav and
               Greta Yorsh},
  title     = {Verifying linearizability with hindsight},
  crossref  = {PODC:10}
}
@Comment{optpages     = {85-94}}

@InProceedings{Calcagno-al:LICS07,
  author =       {Cristiano Calcagno and Peter W. O'Hearn and Hongseok Yang},
  title =        {Local Action and Abstract Separation Logic},
  booktitle = {LICS},
  year = {2007}
}
@Comment{optpages =        {366--368}}

@article{Owicki-Gries:CACM76,
  author    = {Susan S. Owicki and
               David Gries},
  title     = {Verifying Properties of Parallel Programs: An Axiomatic
               Approach},
  journal   = {Commun. ACM},
  volume    = {19},
  number    = {5},
  year      = {1976},
  optpages = {279--285},
  optdoi = {10.1145/360051.360224},
}


@inproceedings{Reynolds:LICS02,
  author    = {John C. Reynolds},
  title     = {{Separation Logic: A Logic for Shared Mutable Data
                  Structures}},
  crossref  = {LICS:02},
  optpages     = {55--74},
  optdoi       = {10.1109/LICS.2002.1029817},
}


@inproceedings{Reynolds:FSTTCS04,
  author    = {John C. Reynolds},
  title     = {Toward a Grainless Semantics for Shared-Variable Concurrency},
  optpages     = {35-48},
  crossref  = {FSTTCS:04},
}

@inproceedings{Jacobs-Piessens:POPL11,
  author    = {Bart Jacobs and
               Frank Piessens},
  title     = {Expressive modular fine-grained concurrency specification},
  crossref  = {POPL:11},
  optpages     = {271-282},
  optdoi = {10.1145/1925844.1926417},
}

@inproceedings{Vafeiadis-al:PPOPP06,
  author    = {Viktor Vafeiadis and
               Maurice Herlihy and
               Tony Hoare and
               Marc Shapiro},
  title     = {Proving correctness of highly-concurrent linearisable objects},
  crossref  = {PPOPP:06},
  optpages     = {129-136},
}
@Comment{optpages     = {129-136}}

@inproceedings{Vafeiadis-Parkinson:CONCUR07,
  author    = {Viktor Vafeiadis and
               Matthew J. Parkinson},
  title     = {A Marriage of Rely/Guarantee and Separation Logic},
  crossref  = {CONCUR:07},
  optpages     = {256-271},
  opturl       = {http://dx.doi.org/10.1007/978-3-540-74407-8_18},
  optdoi       = {10.1007/978-3-540-74407-8_18},
}

@inproceedings{Krishnaswami-al:ICFP12,
  author    = {Neelakantan R. Krishnaswami and
               Aaron Turon and
               Derek Dreyer and
               Deepak Garg},
  title     = {Superficially substructural types},
  optpages     = {41-54},
  crossref  = {ICFP:12},
}

@phdthesis{Vafeiadis:PhD,
title = {Modular fine-grained concurrency verification},
author = {Viktor Vafeiadis},
school = {University of Cambridge},
year = {2007},
}

@inproceedings{Nanevski-al:POPL10,
  author    = {Aleksandar Nanevski and
               Viktor Vafeiadis and
               Josh Berdine},
  title     = {Structuring the verification of heap-manipulating programs},
  optpages     = {261--274},
  crossref = {POPL:10},
  opturl       = {http://doi.acm.org/10.1145/1706299.1706331},
  optdoi       = {10.1145/1706299.1706331},
}

@article{Filipovic-al:TCS10,
  author    = {Ivana Filipovic and
               Peter W. O'Hearn and
               Noam Rinetzky and
               Hongseok Yang},
  title     = {Abstraction for concurrent objects},
  journal   = {Theor. Comput. Sci.},
  volume    = {411},
  number    = {51-52},
  year      = {2010},
  optpages     = {4379--4398}
}

@InProceedings{Nanevski-al:ICFP08,
  author =       {Aleksandar Nanevski and Greg Morrisett and Avi Shinnar and Paul Govereau and Lars Birkedal},
  title =        {{Ynot}: Dependent Types for Imperative Programs},
  crossref = {ICFP:08},
  optpages = {229--240},
  opturl       = {http://doi.acm.org/10.1145/1411204.1411237},
  optdoi       = {10.1145/1411204.1411237},
}

@inproceedings{LeyWild-Nanevski:POPL13,
  author    = {Ruy Ley-Wild and
               Aleksandar Nanevski},
  title     = {Subjective auxiliary state for coarse-grained concurrency},
  crossref  = {POPL:13},
  optpages     = {561--574},
  opturl       = {http://doi.acm.org/10.1145/2429069.2429134},
  optdoi       = {10.1145/2429069.2429134},
}

@Misc{rlw+nan:scsl12,
  author = 	 {Ruy Ley-Wild and Aleksandar Nanevski},
  title = 	 {Subjective Concurrent Separation Logic},
  howpublished = {http://software.imdea.org/\~{}aleks/papers/concur/scsl.pdf},
  month = 	 {January},
  year = 	 {2012}
}

@article{Lipton-CACM75,
  author    = {Richard J. Lipton},
  title     = {Reduction: A Method of Proving Properties of Parallel Programs},
  journal   = {Commun. ACM},
  volume    = {18},
  number    = {12},
  year      = {1975},
  optpages     = {717-721},
}

@Comment original occurrences of auxiliary state:

@Comment Per Brinch Hansen
@Comment Concurrent Programming Concepts
@Comment ACM Computing Surveys 5(4) (1973)

@Comment H. C. Lauer
@Comment Correctness in operating systems
@Comment Ph.D. Th., Carnegie-Mellon U., 1973.

@article{Brady-Hammond:FI10,
  author    = {Edwin Brady and
               Kevin Hammond},
  title     = {Correct-by-Construction Concurrency: Using Dependent Types
               to Verify Implementations of Effectful Resource Usage Protocols},
  journal   = {Fundam. Inform.},
  volume    = {102},
  number    = {2},
  year      = {2010},
  optpages     = {145--176},
}

@inproceedings{Nanevski-al:ESOP14,
  author    = {Aleksandar Nanevski and
               Ruy Ley-Wild and
               Ilya Sergey and
               Germ{\'a}n Andr{\'e}s Delbianco},
  title     = {Communicating State Transition Systems for Fine-Grained
               Concurrent Resources},
  optpages     = {290--310},
  crossref = {ESOP:14},
  opturl       = {http://dx.doi.org/10.1007/978-3-642-54833-8_16},
  optdoi       = {10.1007/978-3-642-54833-8_16},
}

@misc{Nanevski-al:ESOP14TR,
  author    = {Aleksandar Nanevski and
               Ruy Ley-Wild and
               Ilya Sergey and
               Germ{\'a}n Andr{\'e}s Delbianco},
  title     = {{Communicating State Transition Systems for Fine-Grained
               Concurrent Resources. Extended Version.}},
  year = {2014},
  note =  {Available at \url{http://ilyasergey.net/papers/concurroids-esop14-extended.pdf}},
}


@InProceedings{Birkedal-Yang:07,
  title =        "Relational Parametricity and Separation Logic",
  author =       "Lars Birkedal and Hongseok Yang",
  year =         2007,
  booktitle =    "{FOSSACS'07}",
  volume =       4423,
  series =       "LNCS"
}

@Misc{scsl-coqscripts,
  author = 	 {Ruy Ley-Wild and Aleksandar Nanevski},
  title = 	 {{Supporting Material}},
  howpublished = {https://software.imdea.org/\~{}aleks/scsl/}, 
  month = 	 {July},
  year = 	 {2012}
}

@Misc{fcsl-coqscripts,
  author = 	 {Aleksandar Nanevski and Ruy Ley-Wild and Ilya Sergey
                  and Germ\'{a}n Andr\'{e}s Delbianco},
  title = 	 {{Supporting Material}},
  howpublished = {\\ \url{http://software.imdea.org/~aleks/fcsl/}} 
}

@inproceedings{Greenberg-al:POPL10,
  author    = {Michael Greenberg and
               Benjamin C. Pierce and
               Stephanie Weirich},
  title     = {Contracts made manifest},
  crossref  = {POPL:10},
  optpages     = {353-364},
}

@inproceedings{MartinLof71,
author = {Per Martin-L\"of},
title = {Haupstatz for the intuitionistic theory of iterated inductive definitions},
booktitle = {Scandinavian Logic Symposium},
year = {1971},
}

@article{Dybjer97,
    author = {Peter Dybjer},
    title = {Inductive Families},
    journal = {Formal Aspects of Computing},
    year = {1997},
    volume = {6}
}%    optpages = {440--465}

@inproceedings{Nanevski-al:ICFP06,
  author    = {Aleksandar Nanevski and
               Greg Morrisett and
               Lars Birkedal},
  title     = {{Polymorphism and separation in Hoare Type Theory}},
  crossref  = {ICFP:06},
  optpages     = {62--73},
  opturl       = {http://doi.acm.org/10.1145/1159803.1159812},
  optdoi       = {10.1145/1159803.1159812},
}

@inproceedings{Leroy:POPL94,
  author    = {Xavier Leroy},
  title     = {Manifest Types, Modules, and Separate Compilation},
  crossref = {POPL:94},
  optpages     = {109-122},
}

@phdthesis{Owicki75,
  author    = {Susan S. Owicki},
  title     = {Axiomatic Proof Techniques for Parallel Programs},
  year      = {1975},
  school = {Cornell University}
}

@inproceedings{Nieto03,
  author    = {Leonor Prensa Nieto},
  title     = {The Rely-Guarantee Method in Isabelle/HOL},
  booktitle = {ESOP},
  year      = {2003}
}

@article{Kleymann:FAC99,
  author    = {Thomas Kleymann},
  title     = {Hoare Logic and Auxiliary Variables},
  journal   = {Formal Asp. Comput.},
  volume    = {11},
  number    = {5},
  year      = {1999}
}

@inproceedings{Svendsen-al:ESOP13,
  author    = {Kasper Svendsen and
               Lars Birkedal and
               Matthew J. Parkinson},
  optpages     = {169--188},
  title     = {Modular Reasoning about Separation of Concurrent Data Structures},
  crossref  = {ESOP:13}
}

@inproceedings{Colvin-al:CAV06,
  author    = {Robert Colvin and
               Lindsay Groves and
               Victor Luchangco and
               Mark Moir},
  title     = {{Formal Verification of a Lazy Concurrent List-Based Set
               Algorithm}},
  optpages     = {475-488},
  crossref  = {CAV:06},
}

@inproceedings{Svendsen-Birkedal:ESOP14,
  author    = {Kasper Svendsen and
               Lars Birkedal},
  title     = {{Impredicative Concurrent Abstract Predicates}},
  optpages     = {149-168},
  crossref  = {ESOP:14},
  optdoi       = {10.1007/978-3-642-54833-8_9},
}

@inproceedings{Feng:POPL09,
  author    = {Xinyu Feng},
  title     = {Local rely-guarantee reasoning},
  optpages     = {315--327},
  crossref  = {POPL:09},
  opturl = {http://doi.acm.org/10.1145/1594834.1480922},
  optdoi = {10.1145/1594834.1480922},
}

@book{Herlihy-Shavit:08,
  author    = {Maurice Herlihy and
               Nir Shavit},
  title     = {The art of multiprocessor programming},
  publisher = {M. Kaufmann},
  year      = {2008},
}

@inproceedings{Hendler-al:SPAA10,
  author    = {Danny Hendler and
               Itai Incze and
               Nir Shavit and
               Moran Tzafrir},
  title     = {Flat combining and the synchronization-parallelism tradeoff},
  crossref  = {SPAA:10},
  optpages     = {355--364},
  opturl = {http://doi.acm.org/10.1145/1810479.1810540},
  optdoi = {10.1145/1810479.1810540},
}

@inproceedings{Gotsman-Yang:CONCUR12,
  author    = {Alexey Gotsman and
               Hongseok Yang},
  title     = {{Linearizability with ownership transfer}},
  optpages     = {256-271},
  crossref  = {CONCUR:12},
  opturl       = {http://dx.doi.org/10.1007/978-3-642-32940-1_19},
  optdoi       = {10.1007/978-3-642-32940-1_19},
}

@inproceedings{ArrozPincho-al:ECOOP14,
  author    = {Pedro da Rocha Pinto and
               Thomas Dinsdale-Young and 
               Philippa Gardner},
  title     = {{TaDA: A Logic for Time and Data Abstraction}},
  crossref  = {ECOOP:14},
  optpages     = {207--231},
  opturl       = {http://dx.doi.org/10.1007/978-3-662-44202-9_9},
  optdoi       = {10.1007/978-3-662-44202-9_9},
}



@inproceedings{Cerone-al:ICALP14,
  author    = {Andrea Cerone and
               Alexey Gotsman and
               Hongseok Yang},
  title     = {{Parameterised linearisability}},
  crossref  = {ICALP:14},
  optpages     = {98-109},
  opturl       = {http://dx.doi.org/10.1007/978-3-662-43951-7_9},
  optdoi       = {10.1007/978-3-662-43951-7_9},
}


@techreport{Treiber:TR,
   author = {R. Kent Treiber},
   title  = {Systems programming: coping with parallelism}, 
   institution = {IBM Almaden Research Center}, 
   number    = {RJ 5118},
   year = {1986},
}

@techreport{Qadeer-al:TR09,
   author = {Shaz Qadeer and
             Ali Sezgin and
             Serdar Tasiran},
   title  = {Back and Forth: Prophecy Variables for Static
                  Verification of Concurrent Programs},  
   institution = {Microsoft Research}, 
   number    = {MSR-TR-2009-142},
   year = {2009},
}

@inproceedings{Harris-al:DISC02,
 author = {Harris, Timothy L. and Fraser, Keir and Pratt, Ian A.},
 title = {A Practical Multi-word Compare-and-Swap Operation},
 optpages = {265--279},
 crossref = {DISC:02},
} 

@inproceedings{Turon-al:POPL13,
  author    = {Aaron Joseph Turon and
               Jacob Thamsborg and
               Amal Ahmed and
               Lars Birkedal and
               Derek Dreyer},
  title     = {Logical relations for fine-grained concurrency},
  optpages     = {343-356},
  crossref  = {POPL:13},
}

@inproceedings{Turon-Wand:POPL11,
 author    = {Aaron Joseph Turon and
               Mitchell Wand},
  title     = {A separation logic for refining concurrent objects},
  optpages     = {247-258},
  crossref  = {POPL:11},
}


@Manual{Coq-manual,
        Author = {{Coq Development Team}},
        key = {Coq},
        title = {{The Coq Proof Assistant Reference Manual - Version 8.4pl6}}, 
        year = {2015},
        note = {\url{http://coq.inria.fr/}}
}

@inproceedings{Turon-al:ICFP13,
  author    = {Aaron Turon and
               Derek Dreyer and
               Lars Birkedal},
  title     = {Unifying refinement and {H}oare-style reasoning in a logic
               for higher-order concurrency},
  optpages     = {377--390},
  crossref  = {ICFP:13},
 optdoi = {10.1145/2544174.2500600},
}

@inproceedings{DinsdaleYoung-al:POPL13,
  author    = {Thomas Dinsdale-Young and
               Lars Birkedal and
               Philippa Gardner and
               Matthew J. Parkinson and
               Hongseok Yang},
  crossref  = {POPL:13},
  title     = {Views: compositional reasoning for concurrent programs},
  optpages = {287--300},
  opturl       = {http://doi.acm.org/10.1145/2429069.2429104},
  optdoi       = {10.1145/2429069.2429104},
}

@inproceedings{Prensa:ESOP03,
  author    = {Leonor Prensa Nieto},
  title     = {{The Rely-Guarantee Method in Isabelle/HOL}},
  booktitle = {ESOP 2003},
}

@inproceedings{Jensen-Birkedal:ESOP12,
  author    = {Jonas Braband Jensen and
               Lars Birkedal},
  title     = {{Fictional Separation Logic}},
  optpages     = {377-396},
  crossref  = {ESOP:12},
}

@article{Michael:TPDS04,
  author    = {Maged M. Michael},
  title     = {Hazard Pointers: Safe Memory Reclamation for Lock-Free Objects},
  journal   = {IEEE Trans. Parallel Distrib. Syst.},
  volume    = {15},
  number    = {6},
  year      = {2004},
  optpages     = {491-504},
}


@inproceedings{Zhang-al:TAMC12,
  author    = {Zipeng Zhang and
               Xinyu Feng and
               Ming Fu and
               Zhong Shao and
               Yong Li},
  title     = {A Structural Approach to Prophecy Variables},
  optpages     = {61-71},
  crossref  = {TAMC:12},
}

@inproceedings{Burckhardt-al:PLDI10,
  author    = {Sebastian Burckhardt and
               Chris Dern and
               Madanlal Musuvathi and
               Roy Tan},
  title     = {Line-up: a complete and automatic linearizability checker},
  optpages     = {330--340},
  crossref  = {PLDI:10},
}

@inproceedings{Chlipala:PLDI11,
  author    = {Adam Chlipala},
  title     = {Mostly-automated verification of low-level programs in computational
               separation logic},
  optpages     = {234-245},
  crossref  = {PLDI:11},
  opturl       = {http://doi.acm.org/10.1145/1993498.1993526},
  optdoi       = {10.1145/1993498.1993526},
}

@inproceedings{Jacobs-al:NFM11,
  author    = {Bart Jacobs and
               Jan Smans and
               Pieter Philippaerts and
               Fr{\'{e}}d{\'{e}}ric Vogels and
               Willem Penninckx and
               Frank Piessens},
  title     = {{VeriFast: {A} Powerful, Sound, Predictable, Fast Verifier for {C}
               and Java}},
  optpages     = {41--55},
  optdoi       = {10.1007/978-3-642-20398-5_4},
  crossref  = {NFM:11}
}

@inproceedings{Pfenning-Paulin-Mohring:MFPS89,
  author    = {Frank Pfenning and
               Christine Paulin{-}Mohring},
  title     = {Inductively Defined Types in the Calculus of Constructions},
  optpages     = {209--228},
  crossref  = {MFPS:89}
}

@article{Coquand-Huet:IC88,
  author    = {Thierry Coquand and
               G{\'e}rard P. Huet},
  title     = {The Calculus of Constructions},
  journal   = {Information and Computation},
  volume    = {76},
  number    = {2/3},
  year      = {1988},
  optpages     = {95-120},
}

@techreport{Gonthier-al:TR,
   author = {Georges Gonthier and 
             Assia Mahboubi and
             Enrico Tassi},
   title  = {{A Small Scale Reflection Extension for the Coq system}},  
   institution = {Microsoft Research -- Inria Joint Centre}, 
   number    = {6455},
   year = {2009}
}

@incollection{Jones:TR09,
  author = {Cliff B. {Jones}}, 
  title  = {The role of auxiliary variables in the formal development of concurrent programs},
  booktitle = {Reflections on the Work of C.A.R. Hoare}, 
  optdoi = {10.1007/978-1-84882-912-1_8},
  optpages = {167--187},
  publisher  = {Springer London}, 
  year = 2010
}

@inproceedings{Leino-Muller:ESOP09,
  author    = {K. Rustan M. Leino and
               Peter M{\"{u}}ller},
  title     = {A Basis for Verifying Multi-threaded Programs},
  optpages     = {378--393},
  crossref  = {ESOP:09},
  optdoi       = {10.1007/978-3-642-00590-9_27},
}

@inproceedings{Zee-al:PLDI08,
  author    = {Karen Zee and
               Viktor Kuncak and
               Martin C. Rinard},
  title     = {Full functional verification of linked data structures},
  optpages     = {349--361},
  crossref  = {PLDI:08},
}

@phdthesis{Vogels:PhD,
	author = {Vogels, Fr\'ed\'eric},
	title = {Formalisation and Soundness of Static Verification Algorithms for Imperative Programs},
	year = {2012},
	month = {December},
	school = {KU Leuven},
}

@techreport{Jacobs-al:sharedboxes,
	author = {Smans, Jan and Vanoverberghe, Dries and Devriese, Dominique and Jacobs, Bart and Piessens, Frank},
	title = {Shared boxes: {R}ely-{G}uarantee reasoning in {VeriFast}},
	year = {2014},
	month = {May},
	number = {CW662},
	institution = {KU Leuven},
	type = {CW Reports},
}

@inproceedings{Raad-al:ESOP15,
        author = {Azalea Raad and 
                  Jules Villard and 
                  Philippa Gardner},
        crossref  = {ESOP:15},
        title  = {{CoLoSL: Concurrent Local Subjective Logic}}}

@inproceedings{Sergey-al:ESOP15,
        author = {Ilya Sergey and 
                  Aleksandar Nanevski and 
                  Anindya Banerjee},
        crossref = {ESOP:15},
        optpages    = {333--358},
        title  = {Specifying and Verifying Concurrent Algorithms with Histories and Subjectivity}}


@inproceedings{Sergey-al:PLDI15,
        author = {Ilya Sergey and 
                  Aleksandar Nanevski and 
                  Anindya Banerjee},
        crossref = {PLDI:15},
        title  = {Mechanized Verification of Fine-grained Concurrent Programs},
        optnote   = {To appear}}


@inproceedings{Vafeiadis:VMCAI10,
  author    = {Viktor Vafeiadis},
  title     = {{RGSep Action Inference}},
  optpages     = {345--361},
  crossref  = {VMCAI:10},
  optdoi       = {10.1007/978-3-642-11319-2_25},
}

@inproceedings{Calcagno-al:SAS07,
  author    = {Cristiano Calcagno and
               Matthew J. Parkinson and
               Viktor Vafeiadis},
  title     = {Modular Safety Checking for Fine-Grained Concurrency},
  optpages     = {233--248},
  crossref  = {SAS:07},
  opturl       = {http://dx.doi.org/10.1007/978-3-540-74061-2_15},
  optdoi       = {10.1007/978-3-540-74061-2_15},
}

@inproceedings{Hobor-Villard:POPL13,
  author    = {Aquinas Hobor and
               Jules Villard},
  title     = {The ramifications of sharing in data structures},
  optpages     = {523--536},
  crossref  = {POPL:13},
  optdoi = {10.1145/2429069.2429131},
}

@inproceedings{Garillot-al:TPHOL09,
  author    = {Fran\c{c}ois Garillot and
               Georges Gonthier and
               Assia Mahboubi and
               Laurence Rideau},
  title     = {Packaging Mathematical Structures},
  optpages     = {327-342},
  crossref  = {TPHOL:09},
  opturl       = {http://dx.doi.org/10.1007/978-3-642-03359-9_23},
  optdoi       = {10.1007/978-3-642-03359-9_23},
}

@inproceedings{Mahboubi-Tassi:ITP13,
  author    = {Assia Mahboubi and
               Enrico Tassi},
  title     = {Canonical Structures for the Working {C}oq User},
  optpages     = {19-34},
  crossref  = {ITP:13},
  opturl       = {http://dx.doi.org/10.1007/978-3-642-39634-2_5},
  optdoi       = {10.1007/978-3-642-39634-2_5},
}

@inproceedings{Wickerson-al:ESOP10,
  author    = {John Wickerson and
               Mike Dodds and
               Matthew J. Parkinson},
  title     = {Explicit Stabilisation for Modular Rely-Guarantee Reasoning},
  optpages     = {610--629},
  crossref  = {ESOP:10},
  opturl       = {http://dx.doi.org/10.1007/978-3-642-11957-6_32},
  optdoi       = {10.1007/978-3-642-11957-6_32},
}

@inproceedings{Sozeau:TYPES06,
  author    = {Matthieu Sozeau},
  title     = {{Subset coercions in Coq}},
  optpages     = {237-252},
  crossref  = {TYPES:06},
  optdoi       = {10.1007/978-3-540-74464-1_16},
}

@inproceedings{Leino-al:FOSAD09,
  author    = {K. Rustan M. Leino and
               Peter M{\"{u}}ller and
               Jan Smans},
  title     = {{Verification of Concurrent Programs with Chalice}},
  optpages     = {195--222},
  optdoi       = {10.1007/978-3-642-03829-7_7},
  crossref  = {FOSAD:09}
}

@inproceedings{Blom-Huisman:FM14,
  author    = {Stefan Blom and
               Marieke Huisman},
  title     = {{The VerCors Tool for Verification of Concurrent Programs}},
  optpages     = {127--131},
  crossref  = {FM:14},
}

@inproceedings{Cohen-al:TPHOL09,
  author    = {Ernie Cohen and
               Markus Dahlweid and
               Mark A. Hillebrand and
               Dirk Leinenbach and
               Michal Moskal and
               Thomas Santen and
               Wolfram Schulte and
               Stephan Tobies},
  title     = {{VCC:} {A} Practical System for Verifying Concurrent {C}},
  optpages     = {23--42},
  crossref  = {TPHOL:09},
  optdoi = {10.1007/978-3-642-03359-9_2},
}

@inproceedings{Sozeau-Tabareau:ITP14,
  author    = {Matthieu Sozeau and
               Nicolas Tabareau},
  title     = {{Universe polymorphism in Coq}},
  optpages     = {499--514},
  crossref  = {ITP:14},
  optdoi       = {10.1007/978-3-319-08970-6_32},
}

@inproceedings{Gonthier-al:ICFP11,
  author    = {Georges Gonthier and
               Beta Ziliani and
               Aleksandar Nanevski and
               Derek Dreyer},
  title     = {How to make ad hoc proof automation less ad hoc},
  optpages     = {163--175},
  crossref  = {ICFP:11},
  opturl       = {http://doi.acm.org/10.1145/2034773.2034798},
  optdoi       = {10.1145/2034773.2034798},
}

@inproceedings{Ziliani-al:ICFP13,
  author    = {Beta Ziliani and
               Derek Dreyer and
               Neelakantan R. Krishnaswami and
               Aleksandar Nanevski and
               Viktor Vafeiadis},
  title     = {Mtac: a monad for typed tactic programming in {C}oq},
  optpages     = {87--100},
  crossref  = {ICFP:13},
}

@article{Dijkstra:CACM75,
 author = {Dijkstra, Edsger W.},
 title = {Guarded Commands, Nondeterminacy and Formal Derivation of Programs},
 journal = {Commun. ACM},
 issue_date = {1975},
 volume = {18},
 number = {8},
 month = aug,
 year = {1975},
 optpages = {453--457},
  opturl       = {http://doi.acm.org/10.1145/360933.360975},
  optdoi       = {10.1145/360933.360975},
} 

@inproceedings{Smans-al:ECOOP09,
  author    = {Jan Smans and
               Bart Jacobs and
               Frank Piessens},
  title     = {{Implicit Dynamic Frames: Combining Dynamic Frames and Separation Logic}},
  optpages     = {148--172},
  crossref  = {ECOOP:09},
  optdoi       = {10.1007/978-3-642-03013-0_8},
}


@inproceedings{Chlipala-al:ICFP09,
  author    = {Adam Chlipala and
               J. Gregory Malecha and
               Greg Morrisett and
               Avraham Shinnar and
               Ryan Wisnesky},
  title     = {Effective interactive proofs for higher-order imperative programs},
  optpages     = {79--90},
  crossref  = {ICFP:09},
  opturl       = {http://doi.acm.org/10.1145/1596550.1596565},
  optdoi       = {10.1145/1596550.1596565},
}

@inproceedings{Feng-Shao:ICFP05,
  author    = {Xinyu Feng and
               Zhong Shao},
  title     = {Modular verification of concurrent assembly code with dynamic thread
               creation and termination},
  optpages     = {254--267},
  crossref  = {ICFP:05},
}

@inproceedings{Feng-al:PLDI08,
  author    = {Xinyu Feng and
               Zhong Shao and
               Yuan Dong and
               Yu Guo},
  title     = {Certifying low-level programs with hardware interrupts and preemptive
               threads},
  optpages     = {PLDI:08},
}

@inproceedings{Ni-Shao:POPL06,
  author    = {Zhaozhong Ni and
               Zhong Shao},
  title     = {Certified assembly programming with embedded code pointers},
  optpages     = {320--333},
  crossref  = {POPL:06},
}

@phdthesis{Gordon:PhD,
title = {Verifying Concurrent Programs by Controlling Alias Interference},
author = {Colin S. Gordon},
school = {University of Washington},
year = {2014},
}


@inproceedings{Letouzey:CIE08,
  author    = {Pierre Letouzey},
  title     = {{Extraction in Coq: An Overview}},
  optpages     = {359--369},
  crossref  = {CIE:08},
  optdoi       = {10.1007/978-3-540-69407-6_39},
}

@Book{Bertot-Casteran:BOOK, 
	Author = {Bertot, Yves and Cast\'{e}ran, Pierre},
	Title = {{Interactive Theorem Proving and Program Development. Coq'Art: The Calculus of Inductive Constructions}},
        Series = {{Texts in Theoretical Computer Science}},
	Publisher = {Springer Verlag},
	Year = {2004},
        isbn = {978-3-662-07964-5},
        optdoi  = {10.1007/978-3-662-07964-5}
} 


@article{Shao:CACM10,
  author    = {Zhong Shao},
  title     = {Certified software},
  journal   = {Commun. {ACM}},
  year      = {2010},
  volume    = {53},
  number    = {12},
  optpages     = {56--66},
  opturl       = {http://doi.acm.org/10.1145/1859204.1859226},
  optdoi       = {10.1145/1859204.1859226},
}

@inproceedings{Leroy:POPL06,
  author    = {Xavier Leroy},
  title     = {Formal certification of a compiler back-end or: programming a compiler
               with a proof assistant},
  optpages     = {42--54},
  crossref  = {POPL:06},
  opturl       = {http://doi.acm.org/10.1145/1111037.1111042},
  optdoi       = {10.1145/1111037.1111042},
}

@Book{Appel-al:BOOK14, 
	Author = {Andrew W. Appel and
                  Robert Dockins and
                  Aquinas Hobor and
                  Lennart Beringer and
                  Josiah Dodds and
                  Gordon Stewart and
                  Sandrine Blazy and 
                  Xavier Leroy},
	Title = {{Program Logics for Certified Compilers}},
	Publisher = {Cambridge University Press},
	Year = {2014},
        isbn = {9781107256552},
        optdoi = {10.1017/CBO9781107256552}
} 

@inproceedings{Jensen-al:POPL13,
  author    = {Jonas Braband Jensen and
               Nick Benton and
               Andrew Kennedy},
  title     = {High-level separation logic for low-level code},
  year      = {2013},
  optpages     = {301--314},
  crossref  = {POPL:13},
  opturl       = {http://doi.acm.org/10.1145/2429069.2429105},
  optdoi       = {10.1145/2429069.2429105},
}

@Book{Chlipala:BOOK, 
	Author = {Adam Chlipala},
	Title = {{Certified Programming with Dependent Types}},
	Publisher = {The MIT Press},
	Year = {2013},
        url = {http://adam.chlipala.net/cpdt},
        isbn = {9780262026659}
} 

@inproceedings{Banerjee-al:ECOOP08,
  author    = {Anindya Banerjee and
               David A. Naumann and
               Stan Rosenberg},
  title     = {Regional Logic for Local Reasoning about Global Invariants},
  optpages     = {387--411},
  crossref  = {ECOOP:08},
  optdoi       = {10.1007/978-3-540-70592-5_17}
}

@Comment The following reference is given by Reynolds in the 
@Comment "Craft of programming" book, page 306, wrt. auxiliary variable.
@techreport{Lucas:TR,
  author = {Peter Lucas},
  title = {Two constructive realizations of the block concept and their equivalence},
  number = {25.085},
  institution = {IBM Laboratory Vienna},
  year = {1968}}

@inproceedings{Jagadeesan-Riely:ICALP14,
  author    = {Radha Jagadeesan and
               James Riely},
  title     = {{Between Linearizability and Quiescent Consistency - Quantitative Quiescent
               Consistency}},
  optpages     = {220--231},
  crossref  = {ICALP:14},
}

@inproceedings{Jayanti:STOC05,
  author    = {Prasad Jayanti},
  title     = {An optimal multi-writer snapshot algorithm},
  optpages     = {723--732},
  crossref  = {STOC:05},
}

@inproceedings{Derrick-al:FM14,
  author    = {John Derrick and
               Brijesh Dongol and
               Gerhard Schellhorn and
               Bogdan Tofan and
               Oleg Travkin and
               Heike Wehrheim},
  title     = {{Quiescent Consistency: Defining and Verifying Relaxed Linearizability}},
  optpages     = {200--214},
  crossref  = {FM:14},
}

@article{Shavit:CACM11,
  author    = {Nir Shavit},
  title     = {Data structures in the multicore age},
  journal   = {Commun. {ACM}},
  volume    = {54},
  number    = {3},
  pages     = {76--84},
  year      = {2011},
  optdoi       = {10.1145/1897852.1897873},
}

@inproceedings{Petrank-Timnat:DISC13,
  author    = {Erez Petrank and
               Shahar Timnat},
  title     = {Lock-Free Data-Structure Iterators},
  optpages     = {224--238},
  crossref  = {DISC:13},
  optdoi       = {10.1007/978-3-642-41527-2_16},
}

@inproceedings{Afek-al:EuroPar10,
  author    = {Yehuda Afek and
               Guy Korland and
               Maria Natanzon and
               Nir Shavit},
  title     = {Scalable Producer-Consumer Pools Based on Elimination-Diffraction
               Trees},
  optpages     = {151--162},
  crossref  = {EuroPar:10},
  opturl       = {http://dx.doi.org/10.1007/978-3-642-15291-7_16},
  optdoi       = {10.1007/978-3-642-15291-7_16},
}

@article{Aspnes-al:JACM94,
  author    = {James Aspnes and
               Maurice Herlihy and
               Nir Shavit},
  title     = {Counting Networks},
  journal   = {J. {ACM}},
  volume    = {41},
  number    = {5},
  pages     = {1020--1048},
  year      = {1994},
  opturl       = {http://doi.acm.org/10.1145/185675.185815},
  optdoi       = {10.1145/185675.185815},
}

@inproceedings{Hemed-Rinetzky:PODC14,
  author    = {Nir Hemed and
               Noam Rinetzky},
  title     = {{\emph{Brief announcement}: Concurrency-Aware Linearizability}},
  optpages     = {209--211},
  crossref  = {PODC:14},
}

@inproceedings{Afek-al:OPODIS10,
  author    = {Yehuda Afek and
               Guy Korland and
               Eitan Yanovsky},
  title     = {{Quasi-Linearizability: Relaxed Consistency for Improved Concurrency}},
  optpages     = {395--410},
  crossref  = {OPODIS:10},
}

@article{Scherer-al:CACM09,
  author    = {William N. {Scherer III} and
               Doug Lea and
               Michael L. {Scott}},
  title     = {Scalable synchronous queues},
  journal   = {Commun. {ACM}},
  volume    = {52},
  number    = {5},
  pages     = {100--111},
  year      = {2009},
}

@inproceedings{Scherer-al:SCOOL05,
  author    = {William N. {Scherer III} and
               Doug Lea and
               Michael L. {Scott}},
  title     = {A Scalable Elimination-based Exchange Channel},
  optbooktitle = {OOPSLA Workshop on Synchronization and Concurrency in Object-Oriented Languages},
  booktitle   = {SCOOL},
  year      = {2005},
}

@inproceedings{ArrozPincho-al:OOPSLA11,
  author    = {Pedro {da Rocha Pinto} and
               Thomas {Dinsdale{-}Young} and
               Mike Dodds and
               Philippa Gardner and
               Mark J. {Wheelhouse}},
  title     = {A simple abstraction for complex concurrent indexes},
  optpages     = {845--864},
  crossref  = {OOPSLA:11},
}

@misc{ExchangerClass,
  key = {Exchanger},
  title = {{Class {\code{Exchanger<V>}}, Java Platform SE 8 Documentation}},
  howpublished = {Available from
                  {{\url{http://docs.oracle.com/javase/8/docs/api/java/util/concurrent/Exchanger.html}}}},
  note = {Accessed June~24, 2015}
}

@article{Shavit-Touitou:TCS97,
  author    = {Nir Shavit and
               Dan Touitou},
  title     = {Elimination Trees and the Construction of Pools and Stacks},
  journal   = {Theory Comput. Syst.},
  volume    = {30},
  number    = {6},
  pages     = {645--670},
  year      = {1997},
}

@inproceedings{Shavit-Touitou:SPAA95,
  author    = {Nir Shavit and
               Dan Touitou},
  title     = {{Elimination Trees and the Construction of Pools and Stacks (Preliminary
               Version)}},
  optpages     = {54--63},
  crossref    = {SPAA:95}
}

@inproceedings{Henzinger-al:POPL13,
  author    = {Thomas A. Henzinger and
               Christoph M. Kirsch and
               Hannes Payer and
               Ali Sezgin and
               Ana Sokolova},
  title     = {Quantitative relaxation of concurrent data structures},
  optpages     = {317--328},
  crossref  = {POPL:13},
}

@article{Derrick-al:TOPLAS11,
  author    = {John Derrick and
               Gerhard Schellhorn and
               Heike Wehrheim},
  title     = {Mechanically verified proof obligations for linearizability},
  journal   = {{ACM} Trans. Program. Lang. Syst.},
  volume    = {33},
  number    = {1},
  pages     = {4},
  year      = {2011},
}

@inproceedings{Vechev-Yahav:PLDI08,
  author    = {Martin T. Vechev and
               Eran Yahav},
  title     = {Deriving linearizable fine-grained concurrent objects},
  optpages     = {125--135},
  crossref  = {PLDI:08},
}

@inproceedings{Vafeiadis:CAV10,
  author    = {Viktor Vafeiadis},
  title     = {Automatically Proving Linearizability},
  optpages     = {450--464},
  crossref  = {CAV:10},
}

@inproceedings{Amit-al:CAV07,
  author    = {Daphna Amit and
               Noam Rinetzky and
               Thomas W. Reps and
               Mooly Sagiv and
               Eran Yahav},
  title     = {Comparison Under Abstraction for Verifying Linearizability},
  optpages     = {477--490},
  crossref  = {CAV:07},
}

@inproceedings{Attiya-al:POPL11,
  author    = {Hagit Attiya and
               Rachid Guerraoui and
               Danny Hendler and
               Petr Kuznetsov and
               Maged M. Michael and
               Martin T. Vechev},
  title     = {Laws of order: expensive synchronization in concurrent algorithms
               cannot be eliminated},
  optpages     = {487--498},
  crossref  = {POPL:11},
}

@inproceedings{Emmi-al:PLDI15,
  author    = {Michael Emmi and
               Constantin Enea and
               Jad Hamza},
  title     = {Monitoring refinement via symbolic reasoning},
  optpages     = {260--269},
  crossref  = {PLDI:15},
}

@inproceedings{Shacham-al:OOPSLA11,
  author    = {Ohad Shacham and
               Nathan Grasso Bronson and
               Alex Aiken and
               Mooly Sagiv and
               Martin T. Vechev and
               Eran Yahav},
  title     = {Testing atomicity of composed concurrent operations},
  optpages     = {51--64},
  crossref  = {OOPSLA:11},
}

@article{Haas-al-local15,
  author    = {Andreas Haas and
               Thomas A. Henzinger and
               Andreas Holzer and
               Christoph M. Kirsch and
               Michael Lippautz and
               Hannes Payer and
               Ali Sezgin and
               Ana Sokolova and
               Helmut Veith},
  title     = {Local Linearizability},
  journal   = {CoRR},
  volume    = {abs/1502.07118},
  year      = {2015},
}

@inproceedings{Zhang-al:ASE13,
  author    = {Lu Zhang and
               Arijit Chattopadhyay and
               Chao Wang},
  title     = {Round-up: Runtime checking quasi linearizability of concurrent data
               structures},
  oprpages     = {4--14},
  crossref  = {ASE:13},
}

@inproceedings{Jung-al:POPL15,
  author    = {Ralf Jung and
               David Swasey and
               Filip Sieczkowski and
               Kasper Svendsen and
               Aaron Turon and
               Lars Birkedal and
               Derek Dreyer},
  title     = {Iris: Monoids and Invariants as an Orthogonal Basis for Concurrent
               Reasoning},
  optpages     = {637--650},
  crossref  = {POPL:15},
  opturl       = {http://doi.acm.org/10.1145/2676726.2676980},
  optdoi       = {10.1145/2676726.2676980},
}

@inproceedings{Dodds-al:POPL11,
  author    = {Mike Dodds and
               Suresh Jagannathan and
               Matthew J. Parkinson},
  title     = {Modular reasoning for deterministic parallelism},
  optpages     = {259--270},
  crossref  = {POPL:11},
}

@inproceedings{Hobor-Gherghina:ESOP11,
  author    = {Aquinas Hobor and
               Cristian Gherghina},
  title     = {Barriers in Concurrent Separation Logic},
  optpages     = {276--296},
  crossref  = {ESOP:11},
}

@inproceedings{Bell-al:SAS10,
  author    = {Christian J. Bell and
               Andrew W. Appel and
               David Walker},
  title     = {Concurrent Separation Logic for Pipelined Parallelization},
  optpages     = {151--166},
  crossref  = {SAS:10}
}

@inproceedings{Ajtai-al:STOC83,
  author    = {Mikl{\'{o}}s Ajtai and
               J{\'{a}}nos Koml{\'{o}}s and
               Endre Szemer{\'{e}}di},
  title     = {{An $O(n~\text{log}~n)$ sorting network}},
  optpages     = {1--9},
  crossref  = {STOC:83},
}

@inproceedings{Hendler-al:SPAA04,
  author    = {Danny Hendler and
               Nir Shavit and
               Lena Yerushalmi},
  title     = {A scalable lock-free stack algorithm},
  optpages     = {206--215},
  crossref  = {SPAA:04},
}

@inproceedings{Bouajjani-al:POPL15,
  author    = {Ahmed Bouajjani and
               Michael Emmi and
               Constantin Enea and
               Jad Hamza},
  title     = {Tractable Refinement Checking for Concurrent Objects},
  optpages     = {651--662},
  crossref  = {POPL:15},
}

@article{Shavit-Zemah:TOPLAS96,
  author    = {Nir Shavit and
               Asaph Zemach},
  title     = {Diffracting Trees},
  journal   = {{ACM} Trans. Comput. Syst.},
  volume    = {14},
  number    = {4},
  pages     = {385--428},
  year      = {1996},
}

@article{Herlihy-al:DC96,
  author    = {Maurice Herlihy and
               Nir Shavit and
               Orli Waarts},
  title     = {Linearizable Counting Networks},
  journal   = {Distributed Computing},
  volume    = {9},
  number    = {4},
  pages     = {193--203},
  year      = {1996},
}

@inproceedings{Hemed-al:DISC15,
  author    = {Nir Hemed and
               Noam Rinetzky and
               Viktor Vafeiadis},
  title     = {Modular Verification of Concurrency-Aware Linearizability},
  optpages     = {371--387},
  crossref  = {DISC:15},
}

@inproceedings{Wilcox-al:PLDI15,
  author    = {James R. Wilcox and
               Doug Woos and
               Pavel Panchekha and
               Zachary Tatlock and
               Xi Wang and
               Michael D. Ernst and
               Thomas E. Anderson},
  title     = {Verdi: a framework for implementing and formally verifying distributed
               systems},
  optpages     = {357--368},
  crossref  = {PLDI:15},
}

@inproceedings{Rinard:RACES,
    author = {Martin C. Rinard},
    title = {Unsynchronized techniques for approximate parallel computing},
    booktitle = {RACES - SPLASH 2012 Workshop on Relaxing
                  Synchronization for Multicore and Manycore
                  Scalability},
    year = {2012}
}

@inproceedings{Dragoi-al:CAV13,
  author    = {Cezara Dragoi and
               Ashutosh Gupta and
               Thomas A. Henzinger},
  title     = {Automatic Linearizability Proofs of Concurrent Objects with Cooperating
               Updates},
  optpages     = {174--190},
  crossref  = {CAV:13},
}

@inproceedings{McCreight:TPHOL09,
  author    = {Andrew McCreight},
  title     = {{Practical Tactics for Separation Logic}},
  optpages     = {343--358},
  crossref  = {TPHOL:09},
}

@inproceedings{Lamport:COMPOS97,
  author    = {Leslie Lamport},
  title     = {Composition: {A} Way to Make Proofs Harder},
  pages     = {402--423},
  crossref  = {COMPOS:97},
}

