@Comment FCSL

@inproceedings{LeyWild-Nanevski:POPL13,
  author    = {Ruy Ley-Wild and
               Aleksandar Nanevski},
  title     = {Subjective auxiliary state for coarse-grained concurrency},
  pages     = {561-574},
  crossref  = {POPL:13},
}

@Comment Jayanti Snapshot algorithm
@inproceedings{Jayanti:STOC05,
  author    = {Prasad Jayanti},
  title     = {An optimal multi-writer snapshot algorithm},
  optpages     = {723--732},
  crossref  = {STOC:05},
}

@Comment More on Linnearizability + Prophecy Variables

@inproceedings{AbadiL+lics88,
  author    = {Mart{\'{\i}}n Abadi and
               Leslie Lamport},
  title     = {The Existence of Refinement Mappings},
  booktitle = {Proceedings of the Third Annual Symposium on Logic in Computer Science
               {(LICS} '88), Edinburgh, Scotland, UK, July 5-8, 1988},
  pages     = {165--175},
  year      = {1988},
  crossref  = {DBLP:conf/lics/1988},
  url       = {http://dx.doi.org/10.1109/LICS.1988.5115},
  doi       = {10.1109/LICS.1988.5115},
  timestamp = {Thu, 22 Jan 2015 10:37:43 +0100},
  biburl    = {http://dblp.uni-trier.de/rec/bib/conf/lics/AbadiL88},
  bibsource = {dblp computer science bibliography, http://dblp.org}
}

@article{AbadiL+TCS91,
  author    = {Mart{\'{\i}}n Abadi and
               Leslie Lamport},
  title     = {The Existence of Refinement Mappings},
  journal   = {Theor. Comput. Sci.},
  volume    = {82},
  number    = {2},
  pages     = {253--284},
  year      = {1991},
  url       = {http://dx.doi.org/10.1016/0304-3975(91)90224-P},
  doi       = {10.1016/0304-3975(91)90224-P},
  timestamp = {Wed, 07 Sep 2011 12:13:21 +0200},
  biburl    = {http://dblp.uni-trier.de/rec/bib/journals/tcs/AbadiL91},
  bibsource = {dblp computer science bibliography, http://dblp.org}
}

@inproceedings{Dodds-al:POPL15,
  author    = {Mike Dodds and
               Andreas Haas and
               Christoph M. Kirsch},
  title     = {A Scalable, Correct Time-Stamped Stack},
  pages     = {233--246},
  crossref  = {POPL:15},
}

@article{Herlihy-Wing:TOPLAS90,
  author    = {Maurice Herlihy and
               Jeannette M. Wing},
  title     = {Linearizability: A Correctness Condition for Concurrent
               Objects},
  journal   = {ACM Trans. Program. Lang. Syst.},
  volume    = {12},
  number    = {3},
  pages     = {463-492},
  year      = {1990}
}

@inproceedings{Vafeiadis-Parkinson:CONCUR07,
  author    = {Viktor Vafeiadis and
               Matthew J. Parkinson},
  title     = {A Marriage of Rely/Guarantee and Separation Logic},
  crossref  = {CONCUR:07},
  pages     = {256-271},
  opturl       = {http://dx.doi.org/10.1007/978-3-540-74407-8_18},
  optdoi       = {10.1007/978-3-540-74407-8_18},
}


@book{Herlihy-Shavit:08,
  author    = {Maurice Herlihy and
               Nir Shavit},
  title     = {The art of multiprocessor programming},
  publisher = {M. Kaufmann},
  year      = {2008},
}

@inproceedings{Petrank-Timnat:DISC13,
  author    = {Erez Petrank and
               Shahar Timnat},
  title     = {Lock-Free Data-Structure Iterators},
  pages     = {224--238},
  crossref  = {DISC:13},
}

@inproceedings{ZhangFFSL+tamc12,
  author    = {Zipeng Zhang and
               Xinyu Feng and
               Ming Fu and
               Zhong Shao and
               Yong Li},
  title     = {A Structural Approach to Prophecy Variables},
  booktitle = {Theory and Applications of Models of Computation - 9th Annual Conference,
               {TAMC} 2012, Beijing, China, May 16-21, 2012. Proceedings},
  pages     = {61--71},
  year      = {2012},
  crossref  = {DBLP:conf/tamc/2012},
  url       = {http://dx.doi.org/10.1007/978-3-642-29952-0_12},
  doi       = {10.1007/978-3-642-29952-0_12},
  timestamp = {Fri, 04 May 2012 10:04:00 +0200},
  biburl    = {http://dblp.uni-trier.de/rec/bib/conf/tamc/ZhangFFSL12},
  bibsource = {dblp computer science bibliography, http://dblp.org}
}

@techreport{QadeerST+tr09,
   author = {Shaz Qadeer and
             Ali Sezgin and
             Serdar Tasiran},
   title  = {Back and Forth: Prophecy Variables for Static
                  Verification of Concurrent Programs},  
   optinstitution = {Microsoft Research}, 
   number    = {MSR-TR-2009-142},
   year = {2009},
}

@phdthesis{Vafeiadis:PhD,
title = {Modular fine-grained concurrency verification},
author = {Viktor Vafeiadis},
school = {University of Cambridge},
year = {2007},
}

@inproceedings{Liang-Feng:PLDI13,
  author    = {Hongjin Liang and
               Xinyu Feng},
  title     = {Modular verification of linearizability with non-fixed linearization
               points},
  crossref  = {PLDI:13},
  pages     = {459--470},
 optdoi = {10.1145/2499370.2462189},
}

@inproceedings{Turon-al:ICFP13,
  author    = {Aaron Turon and
               Derek Dreyer and
               Lars Birkedal},
  title     = {Unifying refinement and {H}oare-style reasoning in a logic
               for higher-order concurrency},
  optpages     = {377--390},
  crossref  = {ICFP:13},
 optdoi = {10.1145/2544174.2500600},
}

@article{Filipovic-al:TCS10,
  author    = {Ivana Filipovic and
               Peter W. O'Hearn and
               Noam Rinetzky and
               Hongseok Yang},
  title     = {Abstraction for concurrent objects},
  journal   = {Theor. Comput. Sci.},
  volume    = {411},
  number    = {51-52},
  year      = {2010},
  optpages     = {4379--4398}
}

@inproceedings{Sergey-al:ESOP15,
        author = {Ilya Sergey and 
                  Aleksandar Nanevski and 
                  Anindya Banerjee},
        crossref = {ESOP:15},
        pages    = {333--358},
        title  = {Specifying and Verifying Concurrent Algorithms with
                  Histories and Subjectivity}}

@inproceedings{Svendsen-Birkedal:ESOP14,
  author    = {Kasper Svendsen and
               Lars Birkedal},
  title     = {{Impredicative Concurrent Abstract Predicates}},
  optpages     = {149-168},
  crossref  = {ESOP:14},
  optdoi       = {10.1007/978-3-642-54833-8_9},
}

@inproceedings{ArrozPincho-al:ECOOP14,
  author    = {Pedro da Rocha Pinto and
               Thomas Dinsdale-Young and 
               Philippa Gardner},
  title     = {{TaDA: A Logic for Time and Data Abstraction}},
  crossref  = {ECOOP:14},
  pages     = {207--231},
  opturl       = {http://dx.doi.org/10.1007/978-3-662-44202-9_9},
  optdoi       = {10.1007/978-3-662-44202-9_9},
}

@inproceedings{Jung-al:POPL15,
  author    = {Ralf Jung and
               David Swasey and
               Filip Sieczkowski and
               Kasper Svendsen and
               Aaron Turon and
               Lars Birkedal and
               Derek Dreyer},
  title     = {Iris: Monoids and Invariants as an Orthogonal Basis for Concurrent
               Reasoning},
  pages     = {637--650},
  crossref  = {POPL:15},
  opturl       = {http://doi.acm.org/10.1145/2676726.2676980},
  optdoi       = {10.1145/2676726.2676980},
}

@article{Owicki-Gries:CACM76,
  author    = {Susan S. Owicki and
               David Gries},
  title     = {Verifying Properties of Parallel Programs: An Axiomatic
               Approach},
  journal   = {Commun. ACM},
  volume    = {19},
  number    = {5},
  year      = {1976},
  pages = {279--285},
  optdoi = {10.1145/360051.360224},
}

@article{OHearn:TCS07,
  author    = {Peter W. O'Hearn},
  title     = {Resources, concurrency, and local reasoning},
  journal   = {Th. Comp. Sci.},
  volume    = {375},
  number    = {1-3},
  year      = {2007},
  optpages = {271--307},
  optdoi = {10.1016/j.tcs.2006.12.035},
}

@article{Jones:TOPLAS83,
  author    = {Cliff B. Jones},
  title     = {Tentative Steps Toward a Development Method for Interfering
               Programs},
  journal   = {ACM Trans. Program. Lang. Syst.},
  volume    = {5},
  number    = {4},
  year      = {1983},
  pages     = {596-619},
 optdoi = {10.1145/69575.69577},
}

@inproceedings{Vafeiadis-al:PPoPP06,
  author    = {Viktor Vafeiadis and
               Maurice Herlihy and
               Tony Hoare and
               Marc Shapiro},
  title     = {Proving correctness of highly-concurrent linearisable objects},
  pages     = {129--136},
  crossref  = {PPoPP:06},
}

@inproceedings{Fu-al:CONCUR10,
  author    = {Ming Fu and
               Yong Li and
               Xinyu Feng and
               Zhong Shao and
               Yu Zhang},
  title     = {Reasoning about Optimistic Concurrency Using a Program Logic
               for History},
  pages     = {388-402},
  crossref  = {CONCUR:10},
}

@inproceedings{Gotsman-al:ESOP13,
  author    = {Alexey Gotsman and
               Noam Rinetzky and
               Hongseok Yang},
  title     = {Verifying Concurrent Memory Reclamation Algorithms with
               Grace},
  pages     = {249-269},
  crossref  = {ESOP:13},
}

@inproceedings{Bell-al:SAS10,
  author    = {Christian J. Bell and
               Andrew W. Appel and
               David Walker},
  title     = {Concurrent Separation Logic for Pipelined Parallelization},
  pages     = {151--166},
  crossref  = {SAS:10}
}

@inproceedings{Hendler-al:SPAA10,
  author    = {Danny Hendler and
               Itai Incze and
               Nir Shavit and
               Moran Tzafrir},
  title     = {Flat combining and the synchronization-parallelism tradeoff},
  crossref  = {SPAA:10},
  pages     = {355--364},
  opturl = {http://doi.acm.org/10.1145/1810479.1810540},
  optdoi = {10.1145/1810479.1810540},
}

@inproceedings{OHearn-al:PODC10,
  author    = {Peter W. O'Hearn and
               Noam Rinetzky and
               Martin T. Vechev and
               Eran Yahav and
               Greta Yorsh},
  title     = {Verifying linearizability with hindsight},
  pages     = {85-94},
  crossref  = {PODC:10}
}

@inproceedings{Hemed-al:DISC15,
  author    = {Nir Hemed and
               Noam Rinetzky and
               Viktor Vafeiadis},
  title     = {Modular Verification of Concurrency-Aware Linearizability},
  optpages     = {371--387},
  crossref  = {DISC:15},
}

@inproceedings{Nanevski-al:ESOP14,
  author    = {Aleksandar Nanevski and
               Ruy Ley-Wild and
               Ilya Sergey and
               Germ{\'a}n Andr{\'e}s Delbianco},
  title     = {Communicating State Transition Systems for Fine-Grained
               Concurrent Resources},
  pages     = {290--310},
  crossref = {ESOP:14},
  opturl       = {http://dx.doi.org/10.1007/978-3-642-54833-8_16},
  optdoi       = {10.1007/978-3-642-54833-8_16},
}

@inproceedings{Heller-al:OPODIS05,
  author    = {Steve Heller and
               Maurice Herlihy and
               Victor Luchangco and
               Mark Moir and
               William N. Scherer III and
               Nir Shavit},
  title     = {A Lazy Concurrent List-Based Set Algorithm},
  pages     = {3--16},
  crossref  = {OPODIS:05},
}

@inproceedings{ohe+rey+yan:csl01, 
  author= {O'Hearn, Peter and Reynolds, John and Yang, Hongseok},
  title = {Local Reasoning about Programs that Alter Data Structures},
  booktitle={{CSL}}, 
  year="2001",
  pages="1--19"
}


@inproceedings{Reynolds02,
  author    = {John C. Reynolds},
  title     = {Separation Logic: A Logic for Shared Mutable Data Structures},
  booktitle = {LICS},
  year      = {2002}, 
  pages     = {55-74}
}

@inproceedings{Abadi-Lamport:LICS88,
  author    = {Mart{\'{\i}}n Abadi and
               Leslie Lamport},
  title     = {The Existence of Refinement Mappings},
  pages     = {165--175},
  crossref  = {LICS:88},
}

@inproceedings{Jacobs-Piessens:POPL11,
  author    = {Bart Jacobs and
               Frank Piessens},
  title     = {Expressive modular fine-grained concurrency specification},
  crossref  = {POPL:11},
  pages     = {271-282},
  optdoi = {10.1145/1925844.1926417},
}

@inproceedings{Sergey-al:PLDI15,
        author = {Ilya Sergey and 
                  Aleksandar Nanevski and 
                  Anindya Banerjee},
        crossref = {PLDI:15},
        title  = {Mechanized Verification of Fine-grained Concurrent Programs},
        pages     = {77--87}}

@Misc{FCSL:Project,
  title = 	 {{FCSL}: Fine-grained Concurrent Separation Logic},
  howpublished = {http://software.imdea.org/fcsl/}
}


@Misc{CoqFiles,
  title = {Concurrent Data Structures Linked in Time: Coq mechanization files},
  note = {Available from\\ \url{http://software.imdea.org/~ germand/relink}}
}

