@Comment FCSL
@Comment El burro por delante

@inproceedings{LeyWildN+POPL13,
  author    = {Ruy Ley-Wild and
               Aleksandar Nanevski},
  title     = {Subjective auxiliary state for coarse-grained
                  concurrency},
  pages     = {561-574},
  crossref  = {POPL:13},
}

@inproceedings{NanevskiLSD+ESOP14,
  author    = {Aleksandar Nanevski and Ruy Ley-Wild and Ilya Sergey
                  and Germ{\'a}n Andr{\'e}s Delbianco},
  title     = {Communicating State Transition Systems for Fine-Grained
               Concurrent Resources},
  pages     = {290--310},
  crossref = {ESOP:14},
  opturl       = {http://dx.doi.org/10.1007/978-3-642-54833-8_16},
  optdoi       = {10.1007/978-3-642-54833-8_16},
}

@inproceedings{SergeyNB+ESOP15,
        author = {Ilya Sergey and 
                  Aleksandar Nanevski and 
                  Anindya Banerjee},
        crossref = {ESOP:15},
        pages    = {333--358},
        title  = {Specifying and Verifying Concurrent Algorithms with
                  Histories and Subjectivity}}

@inproceedings{SergeyNB+PLDI15,
        author = {Ilya Sergey and 
                  Aleksandar Nanevski and 
                  Anindya Banerjee},
        crossref = {PLDI:15},
        title  = {Mechanized Verification of Fine-grained Concurrent Programs},
        pages     = {77--87}}

@inproceedings{SergeyNBD+OOPSLA16,
        author = {Ilya Sergey and 
                  Aleksandar Nanevski and 
                  Anindya Banerjee and Germ\'{a}n Andr\'{e}s Delbianco},
        crossref = {OOPSLA:16},
        title  = {Hoare-style Specifications as Correctness Conditions
                  for Non-linearizable Concurrent Objects},
        optbooktitle = {Proceedings of the 2016 {ACM} {SIGPLAN}
                  International Conference on Object-Oriented
                  Programming, Systems, Languages, and Applications,
                  {OOPSLA} 2016, part of {SPLASH} 2016, Amsterdam, The
                  Netherlands, October 30 - November 4, 2016},
  pages     = {92--110},
  year      = {2016},
 }

@Misc{FCSL:Project,
  title = 	 {{FCSL}: Fine-grained Concurrent Separation Logic},
  howpublished = {http://software.imdea.org/fcsl/}
}

@Misc{OPLSS:Notes,
  title = {Separation Logic and Concurrency},
  author = {Aleksandar Nanevski},
  howpublished = {Oregon programming languages summer school},
  note = {\url{http://software.imdea.org/~aleks/oplss16/notes.pdf}},
  year = {2016}}


@Misc{CoqFiles,
  Title = {Concurrent Data Structures Linked in Time: Coq
                  mechanization files},
  note = {Available from
                  \url{http://software.imdea.org/~germand/relink}}
}

@Comment Jayanti Snapshot algorithm
@inproceedings{Jayanti+STOC05,
  author    = {Prasad Jayanti},
  title     = {An optimal multi-writer snapshot algorithm},
  pages     = {723--732},
  crossref  = {STOC:05},
}
@Comment the rest

@Comment Refinement mappings

@inproceedings{AbadiL+lics88,
  author    = {Mart{\'{\i}}n Abadi and
               Leslie Lamport},
  title     = {The Existence of Refinement Mappings},
  optbooktitle = {Proceedings of the Third Annual Symposium on Logic
                  in Computer Science {(LICS} '88), Edinburgh,
                  Scotland, UK, July 5-8, 1988},
  pages     = {165--175},
  year      = {1988},
  crossref  = {LICS:88},
  opturl       = {http://dx.doi.org/10.1109/LICS.1988.5115},
  optdoi       = {10.1109/LICS.1988.5115},
}

@article{AbadiL+TCS91,
  author    = {Mart{\'{\i}}n Abadi and
               Leslie Lamport},
  title     = {The Existence of Refinement Mappings},
  journal   = {Theor. Comput. Sci.},
  volume    = {82},
  number    = {2},
  pages     = {253--284},
  year      = {1991},
  opturl       = {http://dx.doi.org/10.1016/0304-3975(91)90224-P},
  optdoi       = {10.1016/0304-3975(91)90224-P},
}

@inproceedings{BellAW+SAS10,
  author    = {Christian J. Bell and
               Andrew W. Appel and
               David Walker},
  title     = {Concurrent Separation Logic for Pipelined Parallelization},
  pages     = {151--166},
  crossref  = {SAS:10}
}

@Comment Journal  version of the Aspects' Concur paper.
@article{ChakrabortyHSV+LMCS15,
  author    = {Soham Chakraborty and
               Thomas A. Henzinger and
               Ali Sezgin and
               Viktor Vafeiadis},
  title     = {Aspect-oriented linearizability proofs},
  journal   = {{\it LMCS}},
  volume    = {11},
  number    = {1},
  year      = {2015},
  optdoi       = {10.2168/LMCS-11(1:20)2015},
}


@inproceedings{DoddsHK+POPL15,
  author    = {Mike Dodds and
               Andreas Haas and
               Christoph M. Kirsch},
  title     = {A Scalable, Correct Time-Stamped Stack},
  pages     = {233--246},
  crossref  = {POPL:15},
}

@article{FilipovicOHRW+TCS10,
  author    = {Ivana Filipovic and
               Peter W. O'Hearn and
               Noam Rinetzky and
               Hongseok Yang},
  title     = {Abstraction for concurrent objects},
  journal   = {Theor. Comput. Sci.},
  volume    = {411},
  number    = {51-52},
  year      = {2010},
  pages     = {4379--4398}
}

@inproceedings{HenzingerSV+CONCUR13,
  author    = {Thomas A. Henzinger and
               Ali Sezgin and
               Viktor Vafeiadis},
  title     = {Aspect-Oriented Linearizability Proofs},
  pages     = {242--256},
  year      = {2013},
  crossref  = {CONCUR:13},
  optdoi       = {10.1007/978-3-642-40184-8_18},
}

@article{HerlihyW+TOPLAS90,
  author    = {Maurice Herlihy and
               Jeannette M. Wing},
  title     = {Linearizability: A Correctness Condition for Concurrent
               Objects},
  journal   = {ACM Trans. Program. Lang. Syst.},
  volume    = {12},
  number    = {3},
  pages     = {463-492},
  year      = {1990}
}

@book{HerlihySh+art08,
  author    = {Maurice Herlihy and
               Nir Shavit},
  title     = {The art of multiprocessor programming},
  publisher = {M. Kaufmann},
  year      = {2008},
}

@comment IRIS papers

@inproceedings{JungSSSTBD+POPL15,
  author    = {Ralf Jung and
               David Swasey and
               Filip Sieczkowski and
               Kasper Svendsen and
               Aaron Turon and
               Lars Birkedal and
               Derek Dreyer},
  title     = {Iris: Monoids and Invariants as an Orthogonal Basis for Concurrent
               Reasoning},
  pages     = {637--650},
  crossref  = {POPL:15},
  opturl       = {http://doi.acm.org/10.1145/2676726.2676980},
  optdoi       = {10.1145/2676726.2676980},
}

@inproceedings{JungKBD+ICFP16,
  author    = {Ralf Jung and
               Robbert Krebbers and
               Lars Birkedal and
               Derek Dreyer},
  title     = {Higher-order ghost state},
  pages     = {256--269},
  year      = {2016},
  crossref  = {ICFP:16},
  opturl    = {http://doi.acm.org/10.1145/2951913.2951943},
  optdoi    = {10.1145/2951913.2951943},
}
@inproceedings{LiangF+PLDI13,
  author    = {Hongjin Liang and
               Xinyu Feng},
  title     = {Modular verification of linearizability with non-fixed linearization
               points},
  crossref  = {PLDI:13},
  pages     = {459--470},
 optdoi = {10.1145/2499370.2462189},
}

@inproceedings{PetrankT+DISC13,
  author    = {Erez Petrank and
               Shahar Timnat},
  title     = {Lock-Free Data-Structure Iterators},
  pages     = {224--238},
  crossref  = {DISC:13},
}

@inproceedings{PintoDYG+ECOOP14,
  author    = {Pedro da Rocha Pinto and
               Thomas Dinsdale-Young and 
               Philippa Gardner},
  title     = {{TaDA: A Logic for Time and Data Abstraction}},
  crossref  = {ECOOP:14},
  pages     = {207--231},
  opturl       = {http://dx.doi.org/10.1007/978-3-662-44202-9_9},
  optdoi       = {10.1007/978-3-662-44202-9_9},
}

@techreport{QadeerST+tr09,
   author = {Shaz Qadeer and
             Ali Sezgin and
             Serdar Tasiran},
   title  = {Back and Forth: Prophecy Variables for Static
                  Verification of Concurrent Programs},  
   optinstitution = {Microsoft Research}, 
   number    = {MSR-TR-2009-142},
   year = {2009},
}

@inproceedings{SchellhornWD+CAV12,
  author    = {Gerhard Schellhorn and
               Heike Wehrheim and
               John Derrick},
  title     = {How to Prove Algorithms Linearisable},
  pages     = {243--259},
  year      = {2012},
  crossref  = {CAV:2012},
  optdoi       = {10.1007/978-3-642-31424-7_21},
}

@inproceedings{SvendsenB+ESOP14,
  author    = {Kasper Svendsen and
               Lars Birkedal},
  title     = {{Impredicative Concurrent Abstract Predicates}},
  pages     = {149-168},
  crossref  = {ESOP:14},
  optdoi       = {10.1007/978-3-642-54833-8_9},
}

@Comment Turon eta al CARESL ICFP paper

@inproceedings{TuronDB+ICFP13,
  author    = {Aaron Turon and
               Derek Dreyer and
               Lars Birkedal},
  title     = {Unifying refinement and {H}oare-style reasoning in a logic
               for higher-order concurrency},
  pages     = {377--390},
  crossref  = {ICFP:13},
 optdoi = {10.1145/2544174.2500600},
}

@Comment Turon eta al CARESL POPL paper

@inproceedings{TuronTABD+POPL13,
  author    = {Aaron Joseph Turon and
               Jacob Thamsborg and
               Amal Ahmed and
               Lars Birkedal and
               Derek Dreyer},
  title     = {Logical relations for fine-grained concurrency},
  pages     = {343--356},
  crossref  = {POPL:13},
  optdoi    = {10.1145/2429069.2429111},
}

@phdthesis{Vafeiadis+PhD07,
title = {Modular fine-grained concurrency verification},
author = {Viktor Vafeiadis},
school = {University of Cambridge},
year = {2007},
}

@inproceedings{VafeiadisHHS+PPoPP06,
  author    = {Viktor Vafeiadis and
               Maurice Herlihy and
               Tony Hoare and
               Marc Shapiro},
  title     = {Proving correctness of highly-concurrent linearisable objects},
  pages     = {129--136},
  crossref  = {PPoPP:06},
}

@inproceedings{VafeiadisP+CONCUR07,
  author    = {Viktor Vafeiadis and
               Matthew J. Parkinson},
  title     = {A Marriage of Rely/Guarantee and Separation Logic},
  crossref  = {CONCUR:07},
  pages     = {256-271},
  opturl       = {http://dx.doi.org/10.1007/978-3-540-74407-8_18},
  optdoi       = {10.1007/978-3-540-74407-8_18},
}

@inproceedings{ZhangFFSL+tamc12,
  author    = {Zipeng Zhang and
               Xinyu Feng and
               Ming Fu and
               Zhong Shao and
               Yong Li},
  title     = {A Structural Approach to Prophecy Variables},
  booktitle = {Theory and Applications of Models of Computation - 9th Annual Conference,
               {TAMC} 2012, Beijing, China, May 16-21, 2012. Proceedings},
  pages     = {61--71},
  year      = {2012},
  crossref  = {DBLP:conf/tamc/2012},
  url       = {http://dx.doi.org/10.1007/978-3-642-29952-0_12},
  doi       = {10.1007/978-3-642-29952-0_12},
  timestamp = {Fri, 04 May 2012 10:04:00 +0200},
  biburl    = {http://dblp.uni-trier.de/rec/bib/conf/tamc/ZhangFFSL12},
  bibsource = {dblp computer science bibliography, http://dblp.org}
}


@article{OwickiG+CACM76,
  author    = {Susan S. Owicki and
               David Gries},
  title     = {Verifying Properties of Parallel Programs: An Axiomatic
               Approach},
  journal   = {Commun. ACM},
  volume    = {19},
  number    = {5},
  year      = {1976},
  pages = {279--285},
  optdoi = {10.1145/360051.360224},
}

@article{OHearn+TCS07,
  author    = {Peter W. O'Hearn},
  title     = {Resources, concurrency, and local reasoning},
  journal   = {Th. Comp. Sci.},
  volume    = {375},
  number    = {1-3},
  year      = {2007},
  pages = {271--307},
  optdoi = {10.1016/j.tcs.2006.12.035},
}

@Comment Other Conditional-CAS paper frequently cited together with HarrisF+DISC02
@article{FraserH+TOPLAS07,
  author    = {Keir Fraser and
               Timothy L. Harris},
  title     = {Concurrent programming without locks},
  journal   = {{ACM} Trans. Comput. Syst.},
  volume    = {25},
  number    = {2},
  year      = {2007},
  opturl       = {http://doi.acm.org/10.1145/1233307.1233309},
  optdoi       = {10.1145/1233307.1233309},
}

@inproceedings{FuLFSZ+CONCUR10,
  author    = {Ming Fu and
               Yong Li and
               Xinyu Feng and
               Zhong Shao and
               Yu Zhang},
  title     = {Reasoning about Optimistic Concurrency Using a Program Logic
               for History},
  pages     = {388-402},
  crossref  = {CONCUR:10},
}

@inproceedings{GotsmanRY+ESOP13,
  author    = {Alexey Gotsman and
               Noam Rinetzky and
               Hongseok Yang},
  title     = {Verifying Concurrent Memory Reclamation Algorithms with
               Grace},
  pages     = {249-269},
  crossref  = {ESOP:13},
}

@inproceedings{KhyzhaGP+FM16,
  author    = {Artem Khyzha and
               Alexey Gotsman and
               Matthew J. Parkinson},
  title     = {A Generic Logic for Proving Linearizability},
  booktitle  = {FM},
  pages     = {426--443},
year = {2016},
}

@inproceedings{KhyzhaGP+ESOP17,
  author    = {Artem Khyzha and
               Mike Dodds and
	       Alexey Gotsman and
               Matthew J. Parkinson},
  title     = {Proving Linearizability Using Partial Orders},
  booktitle  = {ESOP},
  year = {2017},
  note = {To Appear. Available at
                  \url{https://sites.google.com/site/lazylinearizability/}}
}

@Comment Harris et al Conditial-CAS paper
@inproceedings{HarrisFP+DISC02,
  author    = {Timothy L. Harris and Keir Fraser and Ian A. Pratt},
  title     = {A Practical Multi-word Compare-and-Swap Operation},
  optbooktitle = {Distributed Computing, 16th International Conference,
                  {DISC} 2002, Toulouse, France, October 28-30, 2002
                  Proceedings},
  pages     = {265--279},
  optyear      = {2002},
  crossref  = {DISC:02},
  opturl       = {http://dx.doi.org/10.1007/3-540-36108-1_18},
  optdoi       = {10.1007/3-540-36108-1_18},
  timestamp = {Mon, 04 Jul 2011 09:36:58 +0200},
  biburl    = {http://dblp.uni-trier.de/rec/bib/conf/wdag/HarrisFP02},
  bibsource = {dblp computer science bibliography, http://dblp.org}
}

@Comment Heller's Concurrent Set
@inproceedings{HellerHLMSS+OPODIS05,
  author    = {Steve Heller and
               Maurice Herlihy and
               Victor Luchangco and
               Mark Moir and
               William N. Scherer~III and
               Nir Shavit},
  title     = {A Lazy Concurrent List-Based Set Algorithm},
  pages     = {3--16},
  crossref  = {OPODIS:05},
}

@Comment (CAL) Concurrency Aware Linearizability
@inproceedings{HemedRV+DISC15,
  author    = {Nir Hemed and
               Noam Rinetzky and
               Viktor Vafeiadis},
  title     = {Modular Verification of Concurrency-Aware Linearizability},
  pages     = {371--387},
  crossref  = {DISC:15},
}

@inproceedings{HendlerHIST+SPAA10,
  author    = {Danny Hendler and
               Itai Incze and
               Nir Shavit and
               Moran Tzafrir},
  title     = {Flat combining and the synchronization-parallelism tradeoff},
  crossref  = {SPAA:10},
  pages     = {355--364},
  opturl = {http://doi.acm.org/10.1145/1810479.1810540},
  optdoi = {10.1145/1810479.1810540},
}

@Comment Jones' Original Rely-Guarantee Paper

@article{Jones+TOPLAS83,
  author    = {Cliff B. Jones},
  title     = {Tentative Steps Toward a Development Method for Interfering
               Programs},
  journal   = {ACM Trans. Program. Lang. Syst.},
  volume    = {5},
  number    = {4},
  year      = {1983},
  pages     = {596-619},
 optdoi = {10.1145/69575.69577},
}

@Comment O'Hearn et.al.' s Hindisght paper
@inproceedings{OHearnRVYY+PODC10,
  author    = {Peter W. O'Hearn and
               Noam Rinetzky and
               Martin T. Vechev and
               Eran Yahav and
               Greta Yorsh},
  title     = {Verifying linearizability with hindsight},
  pages     = {85-94},
  crossref  = {PODC:10}
}

@Comment  Separation Logic 102
@inproceedings{OHearnRY+CSL01, 
  author= {O'Hearn, Peter and Reynolds, John and Yang, Hongseok},
  title = {Local Reasoning about Programs that Alter Data Structures},
  booktitle={{CSL}}, 
  year="2001",
  pages="1--19"
}

@Comment  Separation Logic 101
@inproceedings{Reynolds+LICS02,
  author    = {John C. Reynolds},
  title     = {Separation Logic: A Logic for Shared Mutable Data Structures},
  booktitle = {LICS},
  year      = {2002}, 
  pages     = {55-74}
}

@inproceedings{Jacobs-Piessens+POPL11,
  author    = {Bart Jacobs and
               Frank Piessens},
  title     = {Expressive modular fine-grained concurrency specification},
  crossref  = {POPL:11},
  pages     = {271-282},
  optdoi = {10.1145/1925844.1926417},
}

@inproceedings{CeroneGY+ICALP14, 
  author    = {Andrea Cerone and
               Alexey Gotsman and
               Hongseok Yang},
  title     = {Parameterised Linearisability},
  crossref = {ICALP:14}, 
  pages     = {98--109}
}

@inproceedings{ColvinGLM06,
  author    = {Robert Colvin and
               Lindsay Groves and
               Victor Luchangco and
               Mark Moir},
  title     = {Formal Verification of a Lazy Concurrent List-Based Set Algorithm},
  booktitle = {CAV},
  pages     = {475--488},
  series    = {LNCS},
  volume    = {4144},
  publisher = {Springer},
  year      = {2006},
}

@article{ColvinDG05,
  author    = {Robert Colvin and
               Simon Doherty and
               Lindsay Groves},
  title     = {Verifying Concurrent Data Structures by Simulation},
  journal   = {Electr. Notes Theor. Comput. Sci.},
  volume    = {137},
  number    = {2},
  pages     = {93--110},
  year      = {2005},
}

@inproceedings{Morrison-al:PPoPP13,
 author = {Morrison, Adam and Afek, Yehuda},
 title = {{Fast Concurrent Queues for x86 Processors}},
 booktitle = {PPoPP},
 year = {2013},
 pages = {103--112},
 publisher = {ACM},
 address = {New York, NY, USA},
} 


@inproceedings{Hoffman-al:OPODIS07,
 author = {Hoffman, Moshe and Shalev, Ori and Shavit, Nir},
 title = {The Baskets Queue},
 booktitle = {OPODIS},
 series = {LNCS},
 year = {2007},
 pages = {401--414},
 publisher = {Springer-Verlag},
}

@inproceedings{GotsmanY12+CONCUR12,
  author    = {Alexey Gotsman and
               Hongseok Yang},
  title     = {Linearizability with Ownership Transfer},
  booktitle = {CONCUR},
  pages     = {256--271},
  year      = {2012},
  crossref  = {CONCUR:12},
}

@inproceedings{Liang-Feng:PLDI13,
  author    = {Hongjin Liang and
               Xinyu Feng},
  title     = {Modular verification of linearizability with non-fixed linearization
               points},
  booktitle = {PLDI},
  pages     = {459--470},
  year      = {2013},
  publisher = {ACM}
}

@article{DoddsJPSB+TOPLAS16,
  author    = {Mike Dodds and
               Suresh Jagannathan and
               Matthew J. Parkinson and
               Kasper Svendsen and
               Lars Birkedal},
  title     = {Verifying Custom Synchronization Constructs Using Higher-Order Separation
               Logic},
  journal   = {{ACM} Trans. Program. Lang. Syst.},
  volume    = {38},
  number    = {2},
  pages     = {4:1--4:72},
  year      = {2016},
}


@inproceedings{Filipovic-al:ESOP09,
  author    = {Ivana Filipovic and
               Peter W. O'Hearn and
               Noam Rinetzky and
               Hongseok Yang},
  title     = {Abstraction for Concurrent Objects},
  booktitle = {ESOP},
  pages     = {252--266},
  year      = {2009},
  series    = {LNCS},
  volume    = {5502},
  publisher = {Springer},
  year      = {2009},
}