@proceedings{TPHOL:09,
  Opteditor = {Stefan Berghofer and
               Tobias Nipkow and
               Christian Urban and
               Makarius Wenzel},
  booktitle  = {TPHOLs},
  publisher = {Springer},
  series    = {LNCS},
  volume    = {5674},
  year      = {2009},
  location   = {Munich, Germany}
}

@proceedings{SP:74,
  Opteditor    = {Bernard Robinet},
  opttitle     = {Programming Symposium, Proceedings Colloque sur la Programmation,
               Paris, France, April 9-11, 1974},
  booktitle = {Symposium on Programming},
  publisher = {Springer},
  location  =  {Paris, France},
  series    = {LNCS},
  volume    = {19},
  year      = {1974},
}


@proceedings{TACS:97,
  Opteditor    = {Mart\'{\i}n Abadi and
               Takayasu Ito},
  title     = {Proceedings of the Third International Symposium on
                  Theoretical Aspects of Computer Software (TACS'97)},
  booktitle  = {Proceedings of the Third International Symposium on
                  Theoretical Aspects of Computer Software (TACS'97)},
  location   = {Sendai, Japan},
  publisher = {Springer},
  series    = {LNCS},
  volume    = {1281},
  year      = {1997}
}

@proceedings{LICS:86,
  title     = {Proceedings of the Symposium on Logic in Computer Science},
  location  = {Cambridge, Massachusetts, USA},
  booktitle = {Proceedings of the Symposium on Logic in Computer Science},
  publisher = {IEEE Computer Society},
  year      = {1986},
}

@proceedings{ECCA:85,
  Opteditor    = {Bruno Buchberger},
  title     = {EUROCAL '85, European Conference on Computer Algebra, Linz,
               Austria, April 1-3, 1985, Proceedings Volume 1: Invited
               Lectures},
  booktitle  = {Proceedings of European Conference on Computer Algebra
                  (EUROCAL'85), Volume 1: Invited Lectures},
  location   = {Linz, Austria},
  publisher = {Springer},
  series    = {LNCS},
  volume    = {203},
  year      = {1985},
}

@proceedings{ICFP:06,
  Opteditor    = {John H. Reppy and
               Julia L. Lawall},
  title     = {Proceedings of the 11th ACM SIGPLAN International Conference
               on Functional Programming (ICFP'06)},
  booktitle = {ICFP},
  publisher = {ACM},
  year      = {2006},
  location   = {Portland, Oregon, USA},
}

@proceedings{ICFP:11,
  Opteditor    = {Manuel M. T. Chakravarty and
               Zhenjiang Hu and
               Olivier Danvy},
  title     = {Proceeding of the 16th ACM SIGPLAN international conference
               on Functional Programming (ICFP'11)},
  booktitle = {ICFP},
  publisher = {ACM},
  year      = {2011},
  location  = {Tokyo, Japan}
}

@proceedings{ITP:13,
  Opteditor    = {Sandrine Blazy and
               Christine Paulin-Mohring and
               David Pichardie},
  title     = {Proceedings of the 4th International Conference on
                  Interactive Theorem Proving (ITP 2013)},
  booktitle = {ITP},
  publisher = {Springer},
  series    = {LNCS},
  volume    = {7998},
  year      = {2013},
  location   = {Rennes, France},
}

@proceedings{POPL:03,
  Opteditor    = {Alex Aiken and
               Greg Morrisett},
  title     = {Proceedings of the 30th SIGPLAN-SIGACT Symposium on
                  Principles of Programming Languages (POPL'03)},
  booktitle = {POPL},
  publisher = {ACM},
  year      = {2003},
  location   = {New Orleans, Louisisana, USA},
}

@proceedings{ICFP:10,
  Opteditor    = {Paul Hudak and
               Stephanie Weirich},
  title     = {Proceeding of the 15th ACM SIGPLAN international conference
               on Functional programming (ICFP'10)},
  booktitle = {ICFP},
  publisher = {ACM},
  year      = {2010},
  location   = {Baltimore, Maryland, USA},
}

@proceedings{ICFP:13,
  Opteditor    = {Greg Morrisett and
               Tarmo Uustalu},
  title     = {Proceedings of the 18th ACM SIGPLAN International Conference on Functional Programming (ICFP'13)},
  booktitle = {ICFP},
  publisher = {ACM},
  year      = {2013},
  location   = {Boston, Massachusetts, USA},
}

@proceedings{POPL:89,
  title     = {Proceedings of the Sixteenth Annual ACM Symposium
               on Principles of Programming Languages (POPL'89)},
  booktitle = {POPL},
  publisher = {ACM Press},
  year      = {1989},
  location  = {Austin, Texas, USA}
}

@proceedings{ESOP:14,
  Opteditor    = {Zhong Shao},
  title     = {Proceedings of the 23rd European Symposium on
                  Programming (ESOP~2014)},
  booktitle = {ESOP},
  publisher = {Springer},
  series    = {LNCS},
  volume    = {8410},
  year      = {2014},
  location  = { Grenoble, France}
}

@proceedings{POPL:10,
  Opteditor    = {Manuel V. Hermenegildo and
               Jens Palsberg},
  title     = {Proceedings of the 37th ACM SIGPLAN-SIGACT Symposium on
               Principles of Programming Languages (POPL'10)},
  booktitle = {POPL},
  publisher = {ACM},
  year      = {2010},
  location  = {Madrid, Spain}
}

@proceedings{OOPSLA:05,
  ktitle = {Proceedings of the 20th Annual ACM SIGPLAN Conference on Object-oriented Programming, Systems, Languages, and Applications (OOPSLA'05)},
  booktitle = {Proceedings of the 20th Annual ACM SIGPLAN Conference on Object-oriented Programming, Systems, Languages, and Applications (OOPSLA'05)},
  year = {2005},
  location = {San Diego, California, USA},
  publisher = {ACM},
}

@proceedings{TPHOL:08,
  Opteditor    = {Otmane A\"{\i}t Mohamed and
               C{\'e}sar A. Mu{\~n}oz and
               Sofi{\`e}ne Tahar},
  title     = {Proceedings of the 21st International
               Conference on Theorem Proving in Higher Order Logics (TPHOLs~2008)},
  booktitle = {TPHOLs},
  publisher = {Springer},
  series    = {LNCS},
  volume    = {5170},
  year      = {2008},
  location  = {Montreal, Canada}
}

@proceedings{POPL:93,
  Opteditor    = {Mary S. Van Deusen and
               Bernard Lang},
  title     = {Proceedings of the Twentieth Annual ACM SIGPLAN-SIGACT
               Symposium on Principles of Programming Languages (POPL'93)},
  booktitle = {Proceedings of the Twentieth Annual ACM SIGPLAN-SIGACT
               Symposium on Principles of Programming Languages (POPL'93)},
  publisher = {ACM Press},
  year      = {1993},
  location  = {Charleston, South Carolina, USA}
}

@article{Hermenegildo-al:TPLP12,
  author    = {Manuel V. Hermenegildo and
               Francisco Bueno and
               Manuel Carro and
               Pedro L{\'o}pez-Garc\'{\i}a and
               Edison Mera and
               Jos{\'e} F. Morales and
               Germ{\'a}n Puebla},
  title     = {{An overview of Ciao and its design philosophy}},
  journal   = {Theory and Practice of Logic Programming},
  volume    = {12},
  number    = {1-2},
  year      = {2012},
  pages     = {219-252},
}

@proceedings{LICS:02,
  title     = {Proceedings of the 17th IEEE Symposium on Logic in
                  Computer Science (LICS~2002)},
  booktitle = {LICS},
  publisher = {IEEE Computer Society},
  year      = {2002},
  location  = {Copenhagen, Denmark}
}


@proceedings{POPL:92,
  opteditor    = {Ravi Sethi},
  title     = {Proceedings of the Nineteenth Annual ACM SIGPLAN-SIGACT
               Symposium on Principles of Programming Languages (POPL'92)},
  booktitle = {Proceedings of the Nineteenth Annual ACM SIGPLAN-SIGACT
               Symposium on Principles of Programming Languages (POPL'92)},
  publisher = {ACM Press},
  year      = {1992},
  location  = {Albuquerque, New Mexico, USA}
}

@proceedings{ICFP:08,
  opteditor    = {James Hook and
               Peter Thiemann},
  title     = {Proceeding of the 13th ACM SIGPLAN international conference
               on Functional programming (ICFP~08)},
  booktitle = {ICFP},
  publisher = {ACM},
  year      = {2008},
  location  = {Victoria, British Columbia, Canada}
}

@proceedings{TYPES:06,
  opteditor    = {Thorsten Altenkirch and
               Conor McBride},
  opttitle     = {Proceedings of the International Workshop on Types for
                  Proofs and Programs},
  booktitle = {TYPES},
  publisher = {Springer},
  series    = {LNCS},
  volume    = {4502},
  year      = {2006},
  optlocation  = {Nottingham, United Kingdom}
}

@proceedings{PLDI:88,
  opteditor    = {Richard L. Wexelblat},
  title     = {Proceedings of the ACM SIGPLAN'88 Conference on Programming
               Language Design and Implementation (PLDI'88)},
  booktitle = {Proceedings of the ACM SIGPLAN'88 Conference on Programming
               Language Design and Implementation (PLDI'88)},
  publisher = {ACM},
  year      = {1988},
  location  = {Atlanta, Georgia, USA}
}

@proceedings{POPL:13,
  opteditor    = {Roberto Giacobazzi and
               Radhia Cousot},
  title     = {Proceedings of the 40th Annual ACM SIGPLAN-SIGACT Symposium on Principles
               of Programming Languages (POPL'13)},
  booktitle = {POPL},
  publisher = {ACM},
  year      = {2013},
  location  = {Rome, Italy}
}

@proceedings{POPL:12,
  opteditor    = {John Field and
               Michael Hicks},
  title     = {Proceedings of the 39th ACM SIGPLAN-SIGACT Symposium on
               Principles of Programming Languages (POPL'12)},
  booktitle = {Proceedings of the 39th ACM SIGPLAN-SIGACT Symposium on
               Principles of Programming Languages (POPL'12)},
  publisher = {ACM},
  year      = {2012},
  location  = {Philadelphia, Pennsylvania, USA}
}

@proceedings{POPL:08,
  opteditor    = {George C. Necula and
               Philip Wadler},
  title     = {Proceedings of the 35th ACM SIGPLAN-SIGACT Symposium on
               Principles of Programming Languages (POPL'08)},
  booktitle = {Proceedings of the 35th ACM SIGPLAN-SIGACT Symposium on
               Principles of Programming Languages (POPL'08)},
  publisher = {ACM},
  year      = {2008},
  location  = {San Francisco, California, USA}
}

@proceedings{PLDI:11,
  opteditor    = {Mary W. Hall and
               David A. Padua},
  title     = {Proceedings of the 32nd ACM SIGPLAN Conference on Programming
               Language Design and Implementation (PLDI'11)},
  booktitle = {Proceedings of the 32nd ACM SIGPLAN Conference on Programming
               Language Design and Implementation (PLDI'11)},
  publisher = {ACM},
  year      = {2011},
  location  = {San Jose, California, USA}
}

@proceedings{PLDI:06,
  opteditor    = {Michael I. Schwartzbach and
               Thomas Ball},
  title     = {Proceedings of the ACM SIGPLAN 2006 Conference on Programming
               Language Design and Implementation (PLDI'06)},
  booktitle = {Proceedings of the ACM SIGPLAN 2006 Conference on Programming
               Language Design and Implementation (PLDI'06)},
  publisher = {ACM},
  year      = {2006},
  location = {Ottawa, Ontario, Canada}
}

@proceedings{PLDI:07,
  opteditor    = {Jeanne Ferrante and
               Kathryn S. McKinley},
  title     = {Proceedings of the ACM SIGPLAN 2007 Conference on Programming
               Language Design and Implementation (PLDI'07)},
  booktitle = {Proceedings of the ACM SIGPLAN 2007 Conference on Programming
               Language Design and Implementation (PLDI'07)},
  publisher = {ACM},
  year      = {2007},
  location  = {San Diego, California, USA}
}

@proceedings{CPP:11,
  opteditor    = {Jean-Pierre Jouannaud and
               Zhong Shao},
  title     = {Proceedings of the First International Conference on Certified Programs and Proofs (CPP~2011)},
  booktitle  = {CPP},
  publisher = {Springer},
  series    = {LNCS},
  volume    = {7086},
  year      = {2011},
}

@proceedings{PPDP:13,
  opteditor    = {Ricardo Pe{\~{n}}a and
               Tom Schrijvers},
  title     = {15th International Symposium on Principles and Practice of Declarative
               Programming, {PPDP} '13, Madrid, Spain, September 16-18, 2013},
  booktitle = {PPDP},
  year      = {2013},
  publisher = {{ACM}},
}

@proceedings{POPL:01,
  opteditor    = {Chris Hankin and
               Dave Schmidt},
  oprtitle     = {Conference Record of {POPL} 2001: The 28th {ACM} {SIGPLAN-SIGACT}
               Symposium on Principles of Programming Languages, London, UK, January
               17-19, 2001},
  year      = {2001},
  publisher = {{ACM}},
  booktitle = {POPL}
}

@proceedings{LICS:07,
  opttitle     = {22nd {IEEE} Symposium on Logic in Computer Science {(LICS} 2007),
               10-12 July 2007, Wroclaw, Poland, Proceedings},
  year      = {2007},
  publisher = {{IEEE} Computer Society},
  booktitle = {LICS}
}


@proceedings{POPL:06,
  opteditor    = {J. Gregory Morrisett and
               Simon L. Peyton Jones},
  opttitle     = {Proceedings of the 33rd {ACM} {SIGPLAN-SIGACT} Symposium on Principles
               of Programming Languages, {POPL} 2006, Charleston, South Carolina,
               USA, January 11-13, 2006},
  year      = {2006},
  publisher = {{ACM}},
  booktitle = {POPL}
}

@proceedings{ICFP:12,
  opteditor    = {Peter Thiemann and
               Robby Bruce Findler},
  opttitle     = {{ACM} {SIGPLAN} International Conference on Functional Programming,
               ICFP'12, Copenhagen, Denmark, September 9-15, 2012},
  year      = {2012},
  publisher = {{ACM}},
  booktitle = {ICFP}
}