@Comment CROSSREFS

@proceedings{DBLP:conf/lics/1988,
  title     = {Proceedings of the Third Annual Symposium on Logic in Computer Science
               {(LICS} '88), Edinburgh, Scotland, UK, July 5-8, 1988},
  publisher = {{IEEE} Computer Society},
  year      = {1988},
  url       = {http://ieeexplore.ieee.org/xpl/mostRecentIssue.jsp?punumber=203},
  isbn      = {0-8186-0853-6},
  timestamp = {Fri, 21 Nov 2014 14:08:55 +0100},
  biburl    = {http://dblp.uni-trier.de/rec/bib/conf/lics/1988},
  bibsource = {dblp computer science bibliography, http://dblp.org}
}

@proceedings{DBLP:conf/stoc/2005,
  editor    = {Harold N. Gabow and
               Ronald Fagin},
  title     = {Proceedings of the 37th Annual {ACM} Symposium on Theory of Computing,
               Baltimore, MD, USA, May 22-24, 2005},
  publisher = {{ACM}},
  year      = {2005},
  isbn      = {1-58113-960-8},
  timestamp = {Tue, 12 Jul 2005 13:48:39 +0200},
  biburl    = {http://dblp.uni-trier.de/rec/bib/conf/stoc/2005},
  bibsource = {dblp computer science bibliography, http://dblp.org}
}

@proceedings{DBLP:conf/icdcs/2005,
  title     = {25th International Conference on Distributed Computing Systems {(ICDCS}
               2005), 6-10 June 2005, Columbus, OH, {USA}},
  publisher = {{IEEE} Computer Society},
  year      = {2005},
  url       = {http://ieeexplore.ieee.org/xpl/mostRecentIssue.jsp?punumber=9816},
  isbn      = {0-7695-2331-5},
  timestamp = {Thu, 11 Dec 2014 17:34:06 +0100},
  biburl    = {http://dblp.uni-trier.de/rec/bib/conf/icdcs/2005},
  bibsource = {dblp computer science bibliography, http://dblp.org}
}

@proceedings{STOC:05,
  opteditor    = {Harold N. Gabow and
               Ronald Fagin},
  booktitle     = {STOC},
  optbooktitle     = {Proceedings of the 37th Annual {ACM} Symposium on Theory of Computing,
               Baltimore, MD, USA, May 22-24, 2005},
  publisher = {{ACM}},
  year      = {2005},
}


@proceedings{POPL:13,
        booktitle = {POPL},
        optBooktitle = {Proceedings of the 40th annual ACM SIGPLAN-SIGACT symposium on Principles of programming languages (POPL~2013)},
        optTitle = {POPL~2013: Proceedings of the 40th annual ACM SIGPLAN-SIGACT symposium on Principles of programming languages},
        Year = {2013},
        Optaddress = {Rome, Italy},
        publisher = {ACM},
        Opteditor = {Radia Cousot}} 


@proceedings{POPL:15,
  opteditor    = {Sriram K. Rajamani and
               David Walker},
  booktitle = {POPL},
  optbooktitle     = {Proceedings of the 42nd annual {ACM} {SIGPLAN-SIGACT} symposium on
               Principles of programming languages ({POPL}~2015)},
  publisher = {{ACM}},
  year      = {2015},
}

@proceedings{CONCUR:07,
  Opteditor    = {Lu\'{\i}s Caires and
               Vasco Thudichum Vasconcelos},
  booktitle = {CONCUR},
  series    = LNCS,
  volume    = {4703},
  publisher = {Springer},
  year      = {2007},
}

@proceedings{ESOP:15,
  Opteditor    = {Jan Vitek},
  booktitle = {ESOP},
  optbooktitle = {Proceedings of the 24th European Symposium on Programming Languages and Systems (ESOP~2015)},  
  publisher = {Springer},
  series = LNCS,
  volume    = {9032},
  year      = {2015}
}

@proceedings{ESOP:14,
  Opteditor    = {Zhong Shao},
  booktitle = {ESOP},
  optbooktitle = {Proceedings of the 23rd European Symposium on Programming Languages and Systems (ESOP~2014)},  
  publisher = {Springer},
  series = {LNCS},
  volume    = {8410},
  year      = {2014}
}

@proceedings{DISC:13,
  opteditor    = {Yehuda Afek},
  booktitle  = {DISC},
  optbooktitle     = {Distributed Computing - 27th International Symposium, {DISC} 2013,
               Jerusalem, Israel, October 14-18, 2013. Proceedings},
  series    = {LNCS},
  volume    = {8205},
  publisher = {Springer},
  year      = {2013},
}


@proceedings{PLDI:13,
	Optaddress = {Seattle, WA, USA},
        optBooktitle = {Proceedings of the 34th {ACM} {SIGPLAN} Conference on Programming Language Design and Implementation (PLDI~2013)},
	Optmonth = Jun,
	Optkey = {Flanagan},
	booktitle = {PLDI},
	optTitle = PLDI13,
        publisher = {ACM},
	Year = 2013}

@proceedings{ICFP:13,
	opttitle = {Proceedings of the 18th ACM SIGPLAN International Conference on Functional Programming (ICFP~2013)},
	optBooktitle = {Proceedings of the 18th ACM SIGPLAN International Conference on Functional Programming (ICFP~2013)},
        Booktitle = {ICFP},
        Year = 2013,
	Optmonth = {September},
	publisher = {ACM},
        Optaddress = {Boston, MA, USA},
        Opteditor = {Findler, Robby}}

@proceedings{ECOOP:14,
	Optaddress = {Uppsala, Sweden},
	optBooktitle = {Proceedings of the 28th European conference on Object-Oriented Programming (ECOOP~2014)},
        booktitle = {ECOOP},
	Opteditor = {??},
        series = {LNCS},
        volume = {8586},
        publisher = {Springer},
	optTitle = {ECOOP~2011: Proceedings of the 25th European conference on Object-Oriented Programming},
	Year = {2014}}

@proceedings{PPoPP:06,
  opteditor    = {Josep Torrellas and
               Siddhartha Chatterjee},
  booktitle     = {{PPoPP}},
  publisher = {{ACM}},
  year      = {2006},
}

@proceedings{CONCUR:10,
  opteditor    = {Paul Gastin and
               Fran\c{c}ois Laroussinie},
  optbooktitle     = {Proceedings of the 21th International Conference on Concurrency Theory (CONCUR 2010)},
  booktitle = {CONCUR},
  publisher = {Springer},
  series    = {LNCS},
  volume    = {6269},
  year      = {2010},
}

@proceedings{ESOP:13,
	Optaddress = {Rome, Italy},
	optBooktitle = {Proceedings of the 22nd European Symposium on Programming Languages and Systems (ESOP~2013)},
        Booktitle = {ESOP}, 
	Opteditor = {Matthias Felleisen and Philippa Gardner},
        volume = {7792},
        series = LNCS,
        publisher = {Springer},
	optTitle = {ESOP~2013: Proceedings of the 22nd European Symposium
                  on Programming Languages and Systems},
	Year = {2013}}

@proceedings{SAS:10,
        opteditor = {Cousot, Radhia and Martel, Matthieu},
        optbooktitle = {Proceedings of the 17th International Symposium on Static Analysis (SAS'10)},
        opttitle = {SAS'10: Proceedings of the 17th international conference on Static analysis},
        year = {2010},
        optaddress = {Perpignan, France},
	series = {LNCS},
        volume = 6337,
	booktitle = {SAS},
        publisher = {Springer}} 

@proceedings{SPAA:10,
  opteditor    = {Friedhelm {Meyer auf der Heide} and
               Cynthia A. Phillips},
  optbooktitle     = {Proceedings of the 22nd Annual ACM Symposium on
                  Parallelism in Algorithms and Architectures
                  (SPAA~2010)},
  booktitle = {SPAA},		  
  publisher = {ACM},
  year      = {2010},
}

@proceedings{PODC:10,
  opteditor    = {Andr{\'e}a W. Richa and
               Rachid Guerraoui},       
  optbooktitle     = {Proceedings of the 29th Annual ACM Symposium on Principles
               of Distributed Computing (PODC 2010)},
  booktitle = {PODC},
  publisher = {ACM},
  year      = {2010}
}

@proceedings{DISC:15,
  opteditor    = {Yoram Moses},
  opttitle     = {Distributed Computing - 29th International Symposium, {DISC} 2015,
               Tokyo, Japan, October 7-9, 2015, Proceedings},
  series    = {LNCS},
  volume    = {9363},
  publisher = {Springer},
  year      = {2015},
  booktitle = {DISC}
}

@proceedings{OPODIS:05,
  opteditor    = {James H. Anderson and
               Giuseppe Prencipe and
               Roger Wattenhofer},
  opttitle     = {Principles of Distributed Systems, 9th International Conference, {OPODIS}
               2005, Pisa, Italy, December 12-14, 2005, Revised Selected Papers},
  series    = LNCS,
  volume    = {3974},
  publisher = {Springer},
  year      = {2006},
  booktitle = {OPODIS}
}

@proceedings{LICS:88,
  opttitle     = {Proceedings of the Third Annual Symposium on Logic in Computer Science
               {(LICS} '88), Edinburgh, Scotland, UK, July 5-8, 1988},
  publisher = {{IEEE} Computer Society},
  year      = {1988},
  booktitle = {LICS}
}

@proceedings{POPL:11,
        optBooktitle = {Proceedings of the 38th annual ACM SIGPLAN-SIGACT symposium on Principles of programming languages (POPL~2011)},
        optTitle = {POPL~2011: Proceedings of the 38th annual ACM SIGPLAN-SIGACT symposium on Principles of programming languages},
        Year = {2011},
        Booktitle = {POPL},
        Optaddress = {Austin, Texas, USA},
        publisher = {ACM},
        Opteditor = {Mooly Sagiv}} 

@proceedings{PLDI:15,
	Optaddress = {Portland, OR, USA},
        Booktitle = {PLDI},  
        optBooktitle = {Proceedings of the 36th {ACM} {SIGPLAN} Conference on Programming Language Design and Implementation (PLDI~2015)},
	Optmonth = Jun,
	optTitle = PLDI15,
        publisher = {ACM},
	Year = 2015}
