%%%%%%%%%%%%% MACROS %%%%%%%%%%%%%%

@string{COMPUTER       = " Computer"}
@string{DEPARTMENT     = " Department"}

@string{PROCEEDINGS    = Proceedings}

@string{SCIENCE        = " Science"}
@string{LNCS = "LNCS"}
@preamble{" \providecommand{\noopsort}[1]{} "}

@string{a-w = {Addison-Wesley}}

@string{cacm = {Communications of the ACM}}

@string{cc = {International Conference on Compiler Construction}}

@string{PROCEEDINGS = Proceedings}
@string{CC = {International Conference on Compiler Construction}}

@string{cc96 = {CC'96: } # {Proceedings of the 6th } # CC}

@string{cc98 = {CC'98: } # {Proceedings of the 7th } # CC}

@string{cj = {The Computer Journal}}

@string{DEPARTMENT = Department}
@string{COMPUTER = Computer}
@string{SCIENCE = Science}
@string{daimi = DEPARTMENT # { of} # COMPUTER # SCIENCE # {, University of Aarhus}}

@string{diku = {DIKU,} # COMPUTER # SCIENCE # DEPARTMENT # {, University of Copenhagen}}

@string{ESOP = {{European Symposium on Programming}}}

@string{esop00 = {Proceedings of the Ninth } # ESOP}

@string{esop02 = {Programming Languages and Systems,                  11th } # ESOP # {, ESOP 2002}}

@string{esop03 = {Programming Languages and Systems,                   12th } # ESOP # {, ESOP 2003}}

@string{esop05 = {Programming Languages and Systems,                   14th } # ESOP # {, ESOP 2005}}

@string{esop10 = {Programming Languages and Systems,                   19th } # ESOP # {, ESOP 2010}}

@string{esop90 = {Proceedings of the Third } # ESOP}

@string{esop96 = {Proceedings of the Sixth } # ESOP}

@string{esop99 = {Proceedings of the Eighth } # ESOP}

@string{fpca = {Conference on Functional Programming Languages and Computer Architecture}}

@string{FPCA = {Conference on Functional Programming Languages and Computer Architecture}}

@string{fpca85 = {Proceedings of the Second International } # FPCA}

@string{fpca87 = {Proceedings of the Third International } # FPCA}

@string{fpca89 = {Proceedings of the Fourth International } # FPCA}

@string{fpca91 = {Proceedings of the Fifth ACM } # FPCA}

@string{fpca93 = {Proceedings of the Sixth ACM } # FPCA}

@string{fpca95 = {Proceedings of the Seventh ACM } # FPCA}

@string{hosc = {Higher-Order and Symbolic Computation}}

@string{iac = {Information and Computation}}

@string{icalp76 = {Third International Colloquium on Automata, Languages and Programming}}

@string{icalp81 = {Automata, Languages and Programming, 8th Colloquium, Acre (Akko)}}

@string{icfp = {ACM SIGPLAN International Conference on Functional Programming}}

@string{ICFP = {ACM SIGPLAN International Conference on Functional Programming}}

@string{icfp00 = {Proceedings of the Fifth } # ICFP # { (ICFP'00)}}

@string{icfp01 = {Proceedings of the Sixth } # ICFP # { (ICFP'01)}}

@string{icfp02 = {Proceedings of the Seventh } # ICFP # { (ICFP'02)}}

@string{icfp03 = {Proceedings of the Eight } # ICFP # { (ICFP'03)}}

@string{icfp04 = {Proceedings of the Ninth } # ICFP # { (ICFP'04)}}

@string{icfp06 = {Proceedings of the Eleventh } # ICFP # { (ICFP'06)}}

@string{icfp07 = {Proceedings of the 12th } # ICFP # { (ICFP'07)}}

@string{icfp08 = {Proceedings of the 13th } # ICFP # { (ICFP'08)}}

@string{icfp09 = {Proceedings of the 14th } # ICFP # { (ICFP'09)}}

@string{icfp96 = {Proceedings of the First } # ICFP # { (ICFP'96)}}

@string{icfp97 = {Proceedings of the Second } # ICFP # { (ICFP'97)}}

@string{icfp98 = {Proceedings of the Third } # ICFP # { (ICFP'98)}}



@string{ipl = {Information Processing Letters}}

@string{isop = {International Symposium on Programming}}

@string{ISOP = {International Symposium on Programming}}

@string{isop84 = {Proceedings of the 1984 } # ISOP}

@string{jacm = {Journal of the ACM}}

@string{jflp = {Journal of Functional and Logic Programming}}

@string{jfp = {Journal of Functional Programming}}

@string{jlc = {Journal of Logic and Computation}}

@string{jlp = {Journal of Logic Programming}}

@string{jsl = {Journal of Symbolic Logic}}

@string{lasc = {Lisp and Symbolic Computation}}

@string{lfp = {ACM Conference on Lisp and Functional Programming}}

@string{LFP = {ACM Conference on Lisp and Functional Programming}}

@string{lfp84 = {Proceedings of the 1984 } # LFP}
 
@string{lfp86 = {Proceedings of the 1986 } # LFP}

@string{lfp88 = {Proceedings of the 1988 } # LFP}

@string{lfp90 = {Proceedings of the 1990 } # LFP}

@string{lfp92 = {Proceedings of the 1992 } # LFP}

@string{lfp94 = {Proceedings of the 1994 } # LFP}

@string{lics = {Annual {IEEE} Symposium on Logic in Computer Science}}

@string{LICS = {Annual {IEEE} Symposium on Logic in Computer Science}}

@string{lics90 = {Proceedings of the Fifth } # LICS}

@string{lics92 = {Proceedings of the Seventh } # LICS # { (LICS '92)}}

@string{lics97 = {Proceedings of the 12th } # LICS # { (LICS '97)}}

@string{loplas = {ACM Letters on Programming Languages and Systems}}

@string{mcgh = {McGraw-Hill}}

@string{mfps = {Mathematical Foundations of Programming Semantics}}

@string{MFPS = {Mathematical Foundations of Programming Semantics}}

@string{mfps01 = {Proceedings of the 17th Annual Conference on } # MFPS}

@string{mfps91 = {Proceedings of the 7th International Conference on } # MFPS}

@string{mfps93 = {Proceedings of the 9th Conference on } # MFPS}

@string{mscs = {Mathematical Structures in Computer Science}}

@string{n-h = {North-Holland}}

@string{njc = {Nordic Journal of Computing}}

@string{p-h = {Prentice-Hall}}

@string{PLDIpre = {Proceedings of the ACM SIGPLAN }}

@string{PLDIpost = { Conference on Programming Languages Design and Implementation}}

@string{pldi00 = PLDIpre # {2000} # PLDIpost}

@string{pldi04 = PLDIpre # {2004} # PLDIpost}

@string{pldi10 = PLDIpre # {2010} # PLDIpost}

@string{pldi86 = {Proceedings of the 1986 SIGPLAN Symposium on Compiler Construction}}

@string{pldi88 = PLDIpre # {1988} # PLDIpost}

@string{pldi91 = PLDIpre # {1991} # PLDIpost}

@string{pldi92 = PLDIpre # {1992} # PLDIpost}

@string{pldi93 = PLDIpre # {1993} # PLDIpost}

@string{pldi94 = PLDIpre # {1994} # PLDIpost}

@string{pldi97 = PLDIpre # {1997} # PLDIpost}

@string{pldi98 = PLDIpre # {1998} # PLDIpost}

@string{pldipost = {Conference on Programming Languages Design and Implementation}}

@string{pldipre = {Proceedings of the ACM SIGPLAN }}

@string{popl = {{Annual ACM Symposium on Principles of programming languages}}}

@string{POPL = {{Annual ACM Symposium on Principles of programming languages}}}

@string{popl01 = {Proceedings of the 28th } # POPL}

@string{popl02 = {Proceedings of the 29th } # POPL}

@string{popl04 = {Proceedings of the 31st } # POPL}

@string{popl06 = {Proceedings of the 33rd } # POPL}

@string{popl08 = {Proceedings of the 35th } # POPL}

@string{popl10 = {Proceedings of the 37th } # POPL}

@string{popl12 = {Proceedings of the 39th } # POPL}

@string{popl13 = {Proceedings of the 40th } # POPL}

@string{popl73 = {Proceedings of the First } # POPL}

@string{popl76 = {Proceedings of the Third } # POPL}

@string{popl77 = {Proceedings of the Fourth } # POPL}

@string{popl79 = {Proceedings of the Sixth } # POPL}

@string{popl82 = {Proceedings of the Ninth } # POPL}

@string{popl86 = {Proceedings of the Thirteenth } # POPL}

@string{popl89 = {Proceedings of the Sixteenth } # POPL}

@string{popl90 = {Proceedings of the Seventeenth } # POPL}

@string{popl91 = {Proceedings of the Eighteenth } # POPL}

@string{popl92 = {Proceedings of the Nineteenth } # POPL}

@string{popl93 = {Proceedings of the Twentieth } # POPL}

@string{popl94 = {Proceedings of the 21st } # POPL}

@string{popl95 = {Proceedings of the 22nd } # POPL}

@string{popl96 = {Proceedings of the 23rd } # POPL}

@string{popl97 = {Proceedings of the 24th } # POPL}

@string{popl98 = {Proceedings of the 25th } # POPL}

@string{popl99 = {Proceedings of the 26th } # POPL}

@string{ppdp = {Principles and Practice of Declarative Programming}}

@string{PPDP = {Principles and Practice of Declarative Programming}}

@string{ppdp01 = {PPDP'01: } # {Proceedings of the 3rd ACM SIGPLAN International Conference on } # PPDP}

@string{ppdp03 = {PPDP'03: } # {Proceedings of the 5th ACM-SIGPLAN International Conference on } # PPDP}

@string{ppdp99 = PPDP # {, International Conference PPDP'99}}

@string{s-v = {Springer-Verlag}}

@string{sas02 = {Static Analysis, 9th International Symposium, SAS 2002}}

@string{sas08 = {Static Analysis, 15th International Symposium, SAS 2008}}

@string{sas94 = {Static Analysis, First International Symposium, SAS'94}}

@string{sas95 = {Static Analysis, Second International Symposium, SAS'95}}

@string{sas97 = {Static Analysis, 4th International Symposium, SAS '97}}

@string{sas99 = {Static Analysis, 6th International Symposium, SAS '99}}

@string{scp = {Science of Computer Programming}}

@string{tacs = {International Symposium on Theoretical Aspects of Computer Software}}

@string{tacs01 = {Theoretical Aspects of Computer Software, 4th International Symposium, TACS 2001}}

@string{TACS = {International Symposium on Theoretical Aspects of Computer Software}}

@string{tacs94 = {Proceedings of the 1994 } # TACS}

@string{tcs = {Theoretical Computer Science}}

@Comment @string{toplas = {ACM Transactions on Programming Languages and Systems}}

@string{toplas = {ACM Trans. Program. Lang. Syst.}

@string{wsa91 = {Actes {JTASPEFL'91} Workshop on Static Analysis of Equational, Functional and Logic Programs}}

@string{wsa92 = {Actes WSA'92 Workshop on Static Analysis}}
