@STRING{popl =      "POPL"} %{{ACM} {S}ymposium on {P}rinciples of {P}rogramming {L}anguages ({POPL})}
@STRING{entcs =     "ENTCS"} %{Electr. Notes Theor. Comput. Sci.}
@STRING{toplas =     "ENTCS"} %{{ACM} {T}rans. {P}rogram. {L}ang. {S}yst.}

@inproceedings{BornatCOP05,
  author    = {Richard Bornat and
               Cristiano Calcagno and
               Peter W. O'Hearn and
               Matthew J. Parkinson},
  title     = {Permission accounting in separation logic},
  booktitle = {POPL},
  year      = {2005}
}
@Comment{pages     = {259-270}}

@article{BornatCY06,
  author    = {Richard Bornat and
               Cristiano Calcagno and
               Hongseok Yang},
  title     = {Variables as Resource in Separation Logic},
  journal   = entcs,
  volume    = {155},
  year      = {2006}
}
@Comment{pages     = {247-276}}

@article{Brookes07,
  author    = {Stephen Brookes},
  title     = {A semantics for concurrent separation logic},
  journal   = {Theor. Comput. Sci.},
  volume    = {375},
  number    = {1-3},
  year      = {2007}
}
@Comment{pages     = {227-270}}

@inproceedings{Dinsdale-YoungDGPV10,
  author    = {Thomas Dinsdale-Young and
               Mike Dodds and
               Philippa Gardner and
               Matthew J. Parkinson and
               Viktor Vafeiadis},
  title     = {Concurrent Abstract Predicates},
  booktitle = {ECOOP},
  year={2010}
}
@Comment{pages     = {504-528}}

@inproceedings{DoddsFPV09,
  author    = {Mike Dodds and
               Xinyu Feng and
               Matthew J. Parkinson and
               Viktor Vafeiadis},
  title     = {Deny-Guarantee Reasoning},
  booktitle = {ESOP},
  year      = {2009}
}
@Comment{pages     = {363-377}}

@inproceedings{ElmasQSST10,
  author    = {Tayfun Elmas and
               Shaz Qadeer and
               Ali Sezgin and
               Omer Subasi and
               Serdar Tasiran},
  title     = {Simplifying Linearizability Proofs with Reduction and Abstraction},
  booktitle = {TACAS},
  year      = {2010}
}
@Comment{pages     = {296-311}}

@inproceedings{FengFS07,
  author    = {Xinyu Feng and
               Rodrigo Ferreira and
               Zhong Shao},
  title     = {On the Relationship Between Concurrent Separation Logic
               and Assume-Guarantee Reasoning},
  booktitle = {ESOP},
  year={2007}
}
@Comment{pages     = {173-188}}

@inproceedings{Feng09,
  author    = {Xinyu Feng},
  title     = {Local rely-guarantee reasoning},
  booktitle = {POPL},
  year={2009}
}
@Comment{pages     = {315-327}}

@article{FlanaganF08,
  author    = {Cormac Flanagan and
               Stephen N. Freund},
  title     = {Atomizer: A dynamic atomicity checker for multithreaded
               programs},
  journal   = {Sci. Comput. Program.},
  volume    = {71},
  number    = {2},
  year      = {2008}
}
@Comment{pages     = {89-109}}

@article{FlanaganFLQ08,
  author    = {Cormac Flanagan and
               Stephen N. Freund and
               Marina Lifshin and
               Shaz Qadeer},
  title     = {Types for atomicity: Static checking and inference for Java},
  journal   = {ACM Trans. Program. Lang. Syst.},
  volume    = {30},
  number    = {4},
  year      = {2008}
}

@article{FlanaganFQS05,
  author    = {Cormac Flanagan and
               Stephen N. Freund and
               Shaz Qadeer and
               Sanjit A. Seshia},
  title     = {Modular verification of multithreaded programs},
  journal   = {Theor. Comput. Sci.},
  volume    = {338},
  number    = {1-3},
  year      = {2005}
}
@Comment{pages     = {153-183}}

@inproceedings{FlanaganQ03,
  author    = {Cormac Flanagan and
               Shaz Qadeer},
  title     = {Thread-Modular Model Checking},
  booktitle = {SPIN},
  year      = {2003}
}
@Comment{pages     = {213-224}}

@inproceedings{FuLFSZ10,
  author    = {Ming Fu and
               Yong Li and
               Xinyu Feng and
               Zhong Shao and
               Yu Zhang},
  title     = {Reasoning about Optimistic Concurrency Using a Program Logic
               for History},
  booktitle = {CONCUR},
  year      = {2010}
}
@Comment{pages     = {388-402}}

@article{HerlihyW90,
  author    = {Maurice Herlihy and
               Jeannette M. Wing},
  title     = {Linearizability: A Correctness Condition for Concurrent
               Objects},
  journal   = toplas,
  volume    = {12},
  number    = {3},
  year      = {1990}
}
@Comment{pages     = {463-492}}

@article{Jones83,
  author    = {Cliff B. Jones},
  title     = {Tentative Steps Toward a Development Method for Interfering
               Programs},
  journal   = toplas,
  volume    = {5},
  number    = {4},
  year      = {1983}
}
@Comment{pages     = {596-619}}


@inproceedings{jones83:ifip,
  author    = {Cliff B. Jones},
  title     = {Specification and Design of (Parallel) Programs},
  booktitle = {IFIP Congress},
  year      = {1983}
}
@Comment{pages     = {321-332}}

                  
@incollection{Jones00,
  author    = {Cliff B. Jones},
  title     = {Wanted: a compositional approach to concurrency},
  booktitle = {Programming Methodology},
  year      = {2000}
}
@Comment{pages     = {1-15}}

@techreport{Jones09,
  author    = {Cliff B. Jones},
  title     = {The role of auxiliary variables in the formal development of concurrent programs},
  number    = {CS-TR-1179},
  institution = {University of Newcastle upon Tyne, Computing Science},
  year      = {2009}
}

@inproceedings{IshtiaqO01,
  author    = {Samin S. Ishtiaq and
               Peter W. O'Hearn},
  title     = {{BI} as an Assertion Language for Mutable Data Structures},
  booktitle = {POPL},
  year      = {2001}
}
@Comment{pages     = {14-26}}

@article{OHearn07,
  author    = {Peter W. O'Hearn},
  title     = {Resources, concurrency, and local reasoning},
  journal   = {Theor. Comput. Sci.},
  volume    = {375},
  number    = {1-3},
  year      = {2007}
}
@Comment{pages     = {271-307}}

@inproceedings{OHearnRVYY10,
  author    = {Peter W. O'Hearn and
               Noam Rinetzky and
               Martin T. Vechev and
               Eran Yahav and
               Greta Yorsh},
  title     = {Verifying linearizability with hindsight},
  booktitle = {PODC},
  year      = {2010}
}
@Comment{pages     = {85-94}}

@InProceedings{calcagno07,
  author =       {Cristiano Calcagno and Peter W. O'Hearn and Hongseok Yang},
  title =        {Local Action and Abstract Separation Logic},
  booktitle = {LICS},
  year = {2007}
}
@Comment{pages =        {366--368}}


@article{OwickiG76cacm,
  author    = {Susan S. Owicki and
               David Gries},
  title     = {Verifying Properties of Parallel Programs: An Axiomatic
               Approach},
  journal   = {Commun. ACM},
  volume    = {19},
  number    = {5},
  year      = {1976}
}
@Comment{pages     = {279-285}}

@article{OwickiG76ai,
  author    = {Susan S. Owicki and
               David Gries},
  title     = {An Axiomatic Proof Technique for Parallel Programs {I}},
  journal   = {Acta Inf.},
  volume    = {6},
  year      = {1976}
}
@Comment{pages     = {319-340}}

@inproceedings{ParkinsonBC06,
  author    = {Matthew J. Parkinson and
               Richard Bornat and
               Cristiano Calcagno},
  title     = {Variables as Resource in {H}oare Logics},
  booktitle = {LICS},
  year={2006}
}
@Comment{pages     = {137-146}}

@inproceedings{ReddyR12,
  author    = {Uday S. Reddy and
               John C. Reynolds},
  title     = {Syntactic Control of Interference for Separation Logic},
  booktitle = {POPL},
  year={2012}
}
@Comment{pages     = {???-???}}

@inproceedings{Reynolds02,
  author    = {John C. Reynolds},
  title     = {Separation Logic: A Logic for Shared Mutable Data Structures},
  booktitle = {LICS},
  year      = {2002}
}
@Comment{pages     = {55-74}}

@inproceedings{JacobsP11,
  author    = {Bart Jacobs and
               Frank Piessens},
  title     = {Expressive modular fine-grained concurrency specification},
  booktitle = {POPL},
  year={2011}
}
@Comment{pages     = {271-282}}

@inproceedings{VafeiadisHHS06,
  author    = {Viktor Vafeiadis and
               Maurice Herlihy and
               Tony Hoare and
               Marc Shapiro},
  title     = {Proving correctness of highly-concurrent linearisable objects},
  booktitle = {PPOPP},
  year      = {2006}
}
@Comment{pages     = {129-136}}

@inproceedings{VafeiadisP07,
  author    = {Viktor Vafeiadis and
               Matthew J. Parkinson},
  title     = {A Marriage of Rely/Guarantee and Separation Logic},
  booktitle = {CONCUR},
  year={2007}
}
@Comment{pages     = {256-271}}

@article{Vafeiadis11,
  author    = {Viktor Vafeiadis},
  title     = {Concurrent separation logic and operational semantics},
  journal   = entcs,
  volume    = {276},
  year      = {2011}
}
@Comment{pages = {335--351},}


@ARTICLE{gon+mah:jfr10,
  author = {Gonthier, Georges and Mahboubi, Assia},
  title = {{An introduction to small scale reflection in Coq}},
  journal = {Journal of Formalized Reasoning},
  year = {2010},
  volume = {3},
  number = {2},
  publisher = {Journal of Formalized Reasoning},
  url = {http://hal.inria.fr/inria-00515548/en}
}
@Comment{pages = {95-152}}

@inproceedings{Yahav01,
  author    = {Eran Yahav},
  title     = {Verifying safety properties of concurrent Java programs
               using 3-valued logic},
  booktitle = {POPL},
  year      = {2001}
}
@Comment{pages     = {27-40}}

@inproceedings{linown11,
  title = "The Importance of Being Linearizable",
  author = "Alexey Gotsman and Hongseok Yang",
  year = "2011",
  note = "(Submitted)",
}

@phdthesis{Vafeiadis07,
title = {Modular fine-grained concurrency verification},
author = {Viktor Vafeiadis},
school = {University of Cambridge},
year = {2007},
month = {July}
}

@inproceedings{NanevskiVB10,
  author    = {Aleksandar Nanevski and
               Viktor Vafeiadis and
               Josh Berdine},
  title     = {Structuring the verification of heap-manipulating programs},
  booktitle = {POPL},
  year      = {2010}
}
@COMMENT{pages     = {261-274}}

@inproceedings{xi03,
author = "Hongwei Xi",
title = {{Applied Type System (extended abstract)}},
booktitle = "{TYPES}'03",
year = "2004",
pages = "394--408"
}


@InProceedings{jia:icfp08,
  author = 	 {Limin Jia and Jeffrey A. Vaughan and Karl Mazurak and Jianzhou Zhao and Luke Zarko and Joseph Schorr and Steve Zdancewic},
  title = 	 {{AURA}: A programming language for authorization and audit},
  booktitle = {ICFP},
  year = 	 {2008}
}

@InProceedings{aug:icfp98, 
  author =       {Lennart Augustsson},
  title =        {Cayenne -- A Language With Dependent Types},
  booktitle =    {ICFP},
  year =         1998
}
@COMMENT{pages = {239--250}}

@InProceedings{xi:pldi98,
  author =       {Hongwei Xi and Frank Pfenning},
  title =        {Eliminating Array Bound Checking Through Dependent Types},
  booktitle =    {PLDI},
  year =         1998
}
@COMMENT{pages =        {249--257}}

@article{mcb:jfp04, 
  author    = {Conor McBride and James McKinna},
  title     = {The view from the left},
  journal   = {J. Funct. Program.},
  volume    = {14},
  number    = {1},
  year      = {2004},
  pages     = {69-111}
}

@inproceedings{ben:csf08, 
 author = {Bengtson, Jesper and Bhargavan, Karthikeyan and Fournet, C\'{e}dric and Gordon, Andrew D. and Maffeis, Sergio},
 title = {Refinement Types for Secure Implementations},
 booktitle = {CSF},
 year = {2008},
}
@COMMENT{pages = {17--32}}

@inproceedings{swa:icfp11,
  author    = {Nikhil Swamy and
               Juan Chen and
               C{\'e}dric Fournet and
               Pierre-Yves Strub and
               Karthikeyan Bhargavan and
               Jean Yang},
  title     = {Secure distributed programming with value-dependent types},
  booktitle = {ICFP},
  year      = {2011}
}
@COMMENT{pages     = {266-278}}
                  
@inproceedings{fou:csf07,
  author    = {C{\'e}dric Fournet and
               Andy Gordon and
               Sergio Maffeis},
  title     = {A Type Discipline for Authorization in Distributed Systems},
  booktitle = {CSF},
  year      = {2007}
}

@inproceedings{swa:sp08, 
  author    = {Nikhil Swamy and
               Brian J. Corcoran and
               Michael Hicks},
  title     = {Fable: A Language for Enforcing User-defined Security Policies},
  booktitle = {S\&P},
  year      = {2008}
}
@COMMENT{pages     = {369-383}}

@inproceedings{swa:esop10,
  author    = {Nikhil Swamy and
               Juan Chen and
               Ravi Chugh},
  title     = {Enforcing Stateful Authorization and Information Flow Policies
               in Fine},
  booktitle = {ESOP},
  year      = {2010}
}
@COMMENT{pages     = {529-549}}

@inproceedings{stu:plpv09, 
 author = {Stump, Aaron and Deters, Morgan and Petcher, Adam and Schiller, Todd and Simpson, Timothy},
 title = {{Verified Programming in Guru}},
 booktitle = {PLPV}, 
 year = {2009}
}
@COMMENT{pages = {49--58}}

@InProceedings{jha:pldi08,
  author =       {Patrick Rondon and Ming Kawaguchi and Ranjit Jhala},
  title =        {Liquid Types},
  booktitle =    {PLDI},
  year =         {2008}
}
@COMMENT{pages =        {159--169}}

@inproceedings{avi:tldi10, 
 author = {Avijit, Kumar and Datta, Anupam and Harper, Robert},
 title = {Distributed programming with distributed authorization},
 booktitle = {Proceedings of the 5th ACM SIGPLAN workshop on Types in language design and implementation},
 series = {TLDI},
 year = {2010}
}
@COMMENT{pages = {27--38}}

@inproceedings{sage06,
 author = {Cormac Flanagan},
 title = {Hybrid type checking},
 booktitle = {POPL},
 year = {2006}
}
@COMMENT{pages = {245--256}}

@InProceedings{ynot08,
  author =       {Aleksandar Nanevski and Greg Morrisett and Avi Shinnar and Paul Govereau and Lars Birkedal
},
  title =        {{Ynot}: Dependent Types for Imperative Programs},
  booktitle = {ICFP},
  year = {2008}
}
@COMMENT{pages={229--240}}

@inproceedings{par:popl05,
  author    = {Matthew J. Parkinson and
               Gavin M. Bierman},
  title     = {Separation logic and abstraction},
  booktitle = {POPL},
  year      = {2005}
}
@COMMENT{pages     = {247-258}}

@inproceedings{NanevskiGMTLDI09,
  author    = {Aleksandar Nanevski and
               Paul Govereau and
               Greg Morrisett},
  title     = {Towards type-theoretic semantics for transactional concurrency},
  booktitle = {TLDI},
  year      = {2009}
}
@Comment pages     = {79-90},

@Misc{rlw+nan:scsl12,
  author = 	 {Ruy Ley-Wild and Aleksandar Nanevski},
  title = 	 {Subjective Concurrent Separation Logic},
  howpublished = {http://software.imdea.org/\~{}aleks/papers/concur/scsl.pdf},
  month = 	 {January},
  year = 	 {2012}
}

@Manual{coq:manual,
  title =        {The {C}oq proof assistant reference manual},
  author =       {\mbox{The Coq development team}},
  organization = {LogiCal Project},
  note =         {Version 8.0},
  year =         {2004},
  url =          "http://coq.inria.fr"
}

@Book{bertot04,
  author       = "Bertot, Yves and Cast\'eran, Pierre",
  title        = "Interactive Theorem Proving and Program Development. Coq'Art: The Calculus of Inductive Constructions",
  series       = "Texts in Theoretical Computer Science",
  year         = "2004",
  publisher    = "Springer Verlag",
  url          = "http://www.labri.fr/publications/l3a/2004/BC04"
}

@inproceedings{moggi89computational,
    author = "Eugenio Moggi",
    title = "Computational lambda-calculus and monads",
    booktitle = "\lics{89}",
    address = "Asilomar, California",
    pages = "14--23",
    year = "1989"
}

@article{moggi91notions,
    author = "Eugenio Moggi",
    title = "Notions of computation and monads",
    journal = "Information and Computation",
    volume = "93",
    number = "1",
    pages = "55--92",
    year = "1991",
    publisher = "Academic Press"
}

@inproceedings{ohe:popl04,
  author    = {Peter W. O'Hearn and
               Hongseok Yang and
               John C. Reynolds},
  title     = {Separation and information hiding},
  booktitle = {POPL},
  year      = {2004}
}

@Comment original occurrences of auxiliary state:

@Comment Per Brinch Hansen
@Comment Concurrent Programming Concepts
@Comment ACM Computing Surveys 5(4) (1973)

@Comment H. C. Lauer
@Comment Correctness in operating systems
@Comment Ph.D. Th., Carnegie-Mellon U., 1973.

@article{BradyH10,
  author    = {Edwin Brady and
               Kevin Hammond},
  title     = {Correct-by-Construction Concurrency: Using Dependent Types
               to Verify Implementations of Effectful Resource Usage Protocols},
  journal   = {Fundam. Inform.},
  volume    = {102},
  number    = {2},
  year      = {2010},
  pages     = {145-176},
  ee        = {http://dx.doi.org/10.3233/FI-2010-303},
  bibsource = {DBLP, http://dblp.uni-trier.de}
}

@inproceedings{GonthierZND11,
  author    = {Georges Gonthier and
               Beta Ziliani and
               Aleksandar Nanevski and
               Derek Dreyer},
  title     = {How to make ad hoc proof automation less ad hoc},
  booktitle = {ICFP},
  year      = {2011}
}

@inproceedings{cai:tctt12,
  author    = {Luís Caires and
               Frank Pfenning and
               Bernardo Toninho},
  title     = {Towards Concurrent Type Theory},
  booktitle = {TLDI},
  year      = {2012}
}

@inproceedings{ParkinsonBO07,
  author    = {Matthew J. Parkinson and
               Richard Bornat and
               Peter W. O'Hearn},
  title     = {Modular verification of a non-blocking stack},
  booktitle = {POPL},
  year      = {2007}
}

@phdthesis{Norell07,
title = {Towards a practical programming language based on dependent type theory},
author = {Ulf Norell},
school = {Chalmers University of Technology},
year = {2007}
}

@inproceedings{BorgstromCS11,
  author    = {Johannes Borgstr{\"o}m and
               Juan Chen and
               Nikhil Swamy},
  title     = {Verifying stateful programs with substructural state and
               hoare types},
  booktitle = {PLPV},
  year      = {2011}
}


@proceedings{vdm,
 editor = {Bj{\o}rner, Dines and Jones, Cliff B.},
 title = {The Vienna Development Method: The Meta-Language},
 year = {1978},
 isbn = {3-540-08766-4},
 publisher = {Springer-Verlag}
} 


@article{Kleymann99,
  author = {Thomas Kleymann},
  title = {Hoare logic and auxiliary variables},
  journal = {Formal Aspects of Computing},
  volume = 11,
  year = 1999}
@comment{pages = 541 - 566

@inproceedings{Leino10,
  author    = {K. Rustan M. Leino},
  title     = {Verifying Concurrent Programs with Chalice},
  booktitle = {VMCAI},
  year      = {2010}
}

@inproceedings{LeinoMS09,
  author    = {K. Rustan M. Leino and
               Peter M{\"u}ller and
               Jan Smans},
  title     = {Verification of Concurrent Programs with Chalice},
  booktitle = {FOSAD},
  year      = {2009}
}

@inproceedings{LeinoMS10,
  author    = {K. Rustan M. Leino and
               Peter M{\"u}ller and
               Jan Smans},
  title     = {Deadlock-Free Channels and Locks},
  booktitle = {ESOP},
  year      = {2010}
}

@inproceedings{LeinoM09,
  author    = {K. Rustan M. Leino and
               Peter M{\"u}ller},
  title     = {A Basis for Verifying Multi-threaded Programs},
  booktitle = {ESOP},
  year      = {2009}
}

@InProceedings{Birkedal:Yang:07,
  title =        "Relational Parametricity and Separation Logic",
  author =       "Lars Birkedal and Hongseok Yang",
  year =         2007,
  booktitle =    "{FOSSACS'07}",
  volume =       4423,
  series =       "LNCS"
}

@Misc{scsl-coqscripts,
  author = 	 {Ruy Ley-Wild and Aleksandar Nanevski},
  title = 	 {{Supporting Material}},
  howpublished = {https://software.imdea.org/\~{}aleks/scsl/}, 
  month = 	 {July},
  year = 	 {2012}
}

@inproceedings{PintoDDGW11,
  author    = {Pedro da Rocha Pinto and
               Thomas Dinsdale-Young and
               Mike Dodds and
               Philippa Gardner and
               Mark J. Wheelhouse},
  title     = {A simple abstraction for complex concurrent indexes},
  booktitle = {OOPSLA},
  year      = {2011}
}

@article{CalcagnoGZ07,
  author    = {Cristiano Calcagno and
               Philippa Gardner and
               Uri Zarfaty},
  title     = {Local Reasoning about Data Update},
  journal   = {Electr. Notes Theor. Comput. Sci.},
  volume    = {172},
  year      = {2007}
}


@inproceedings{MartinLof71,
author = {Per Martin-L\"of},
title = {Haupstatz for the intuitionistic theory of iterated inductive definitions},
booktitle = {Scandinavian Logic Symposium},
year = {1971},
}

@article{Dybjer97,
    author = {Peter Dybjer},
    title = {Inductive Families},
    journal = {Formal Aspects of Computing},
    year = {1997},
    volume = {6}
}%    pages = {440--465}

@phdthesis{Owicki75,
  author    = {Susan S. Owicki},
  title     = {Axiomatic Proof Techniques for Parallel Programs},
  year      = {1975},
  school = {Cornell University}
}

@inproceedings{Nieto03,
  author    = {Leonor Prensa Nieto},
  title     = {The Rely-Guarantee Method in Isabelle/HOL},
  booktitle = {ESOP},
  year      = {2003}
}

@inproceedings{kri+tur+dre+gar:icfp12, 
 author = {Krishnaswami, Neelakantan R. and Turon, Aaron and Dreyer, Derek and Garg, Deepak},
 title = {Superficially substructural types},
 booktitle = {ICFP},
 year = {2012},
} 